timestamp,price,volume,is_ask
1741428802581,86000.0,6e-05,True
1741428802581,86000.0,0.00099,True
1741428802581,86000.0,0.00117,True
1741428802581,86000.0,0.00464,True
1741428802581,86000.0,0.06539,True
1741428802581,86000.0,0.00232,True
1741428802581,86000.0,0.00122,True
1741428802581,86000.0,0.01162,True
1741428802581,86000.0,0.00114,True
1741428802930,86000.0,0.0002,True
1741428803075,86000.01,0.00013,False
1741428803133,86000.0,0.00099,True
1741428803220,86000.0,0.00767,True
1741428803220,86000.0,0.00054,True
1741428803384,86000.01,8e-05,False
1741428803435,86000.0,0.0002,True
1741428803503,86000.0,0.01216,True
1741428803503,86000.0,0.00117,True
1741428803503,86000.0,0.00131,True
1741428803503,86000.0,0.03,True
1741428803503,86000.0,0.0588,True
1741428803506,86000.0,0.02747,True
1741428803506,86000.0,0.00251,True
1741428803506,86000.0,0.0001,True
1741428803506,86000.0,0.00016,True
1741428803506,86000.0,0.00236,True
1741428803506,86000.0,0.01972,True
1741428803506,86000.0,0.00637,True
1741428803506,86000.0,0.00011,True
1741428803506,86000.0,0.00017,True
1741428803506,86000.0,0.002,True
1741428803506,86000.0,0.00034,True
1741428803506,86000.0,0.00201,True
1741428803506,86000.0,0.00799,True
1741428803506,86000.0,0.01459,True
1741428803506,86000.0,0.001,True
1741428803506,86000.0,0.00182,True
1741428803507,86000.0,0.0005,True
1741428803507,86000.0,0.00395,True
1741428803507,86000.0,0.00058,True
1741428803507,86000.0,0.00027,True
1741428803507,86000.0,0.00058,True
1741428803507,86000.0,0.00058,True
1741428803507,86000.0,0.00581,True
1741428803507,86000.0,0.00063,True
1741428803507,86000.0,0.00116,True
1741428803507,86000.0,0.00159,True
1741428803507,86000.0,7e-05,True
1741428803507,86000.0,0.00465,True
1741428803507,86000.0,6e-05,True
1741428803507,86000.0,0.0001,True
1741428803507,86000.0,6e-05,True
1741428803507,86000.0,6e-05,True
1741428803507,86000.0,6e-05,True
1741428803507,86000.0,6e-05,True
1741428803507,86000.0,0.00014,True
1741428803507,86000.0,6e-05,True
1741428803507,86000.0,6e-05,True
1741428803507,86000.0,0.0001,True
1741428803507,86000.0,0.0001,True
1741428803507,86000.0,6e-05,True
1741428803507,86000.0,6e-05,True
1741428803507,85999.99,6e-05,True
1741428803507,85999.99,6e-05,True
1741428803507,85999.97,6e-05,True
1741428803507,85999.97,6e-05,True
1741428803507,85999.96,0.00014,True
1741428803507,85999.96,6e-05,True
1741428803507,85999.96,6e-05,True
1741428803507,85999.9,0.00013,True
1741428803507,85999.9,6e-05,True
1741428803507,85999.9,6e-05,True
1741428803507,85999.86,6e-05,True
1741428803507,85999.85,0.00013,True
1741428803507,85999.85,6e-05,True
1741428803507,85999.81,6e-05,True
1741428803507,85998.26,7e-05,True
1741428803507,85998.26,8e-05,True
1741428803507,85998.26,0.00013,True
1741428803507,85998.26,0.00013,True
1741428803507,85998.26,0.00013,True
1741428803507,85998.25,0.003,True
1741428803507,85998.0,0.00024,True
1741428803507,85997.9,7e-05,True
1741428803508,85997.89,0.01041,True
1741428803509,85997.89,0.01123,True
1741428803510,85997.89,0.01149,True
1741428803521,85997.89,6e-05,True
1741428803521,85997.89,0.0001,True
1741428803521,85997.89,6e-05,True
1741428803521,85997.89,6e-05,True
1741428803521,85997.89,6e-05,True
1741428803521,85997.89,6e-05,True
1741428803521,85997.89,6e-05,True
1741428803521,85997.89,6e-05,True
1741428803521,85997.89,6e-05,True
1741428803521,85997.89,6e-05,True
1741428803521,85997.89,6e-05,True
1741428803521,85997.89,6e-05,True
1741428803521,85997.89,6e-05,True
1741428803521,85997.88,0.0001,True
1741428803521,85997.88,6e-05,True
1741428803521,85997.88,6e-05,True
1741428803521,85997.39,7e-05,True
1741428803521,85997.39,6e-05,True
1741428803521,85997.39,6e-05,True
1741428803521,85997.38,0.00145,True
1741428803521,85997.38,6e-05,True
1741428803521,85997.38,6e-05,True
1741428803521,85996.68,7e-05,True
1741428803521,85996.68,6e-05,True
1741428803521,85996.68,6e-05,True
1741428803538,85996.67,0.00547,True
1741428803538,85996.67,0.0001,True
1741428803538,85996.67,0.0001,True
1741428803538,85996.67,0.0001,True
1741428803538,85996.67,6e-05,True
1741428803538,85996.67,6e-05,True
1741428803538,85996.67,6e-05,True
1741428803538,85996.67,6e-05,True
1741428803538,85996.67,6e-05,True
1741428803538,85996.67,6e-05,True
1741428803538,85996.67,6e-05,True
1741428803538,85996.67,6e-05,True
1741428803538,85996.66,6e-05,True
1741428803538,85996.66,6e-05,True
1741428803538,85996.66,6e-05,True
1741428803538,85996.64,7e-05,True
1741428803538,85996.64,6e-05,True
1741428803538,85996.64,6e-05,True
1741428803538,85996.64,9e-05,True
1741428803538,85996.64,9e-05,True
1741428803538,85996.64,9e-05,True
1741428803538,85996.63,0.00455,True
1741428803538,85996.63,6e-05,True
1741428803538,85996.63,6e-05,True
1741428803538,85996.29,0.00011,True
1741428803538,85996.29,6e-05,True
1741428803538,85996.29,6e-05,True
1741428803538,85996.28,7e-05,True
1741428803538,85996.28,6e-05,True
1741428803538,85996.27,0.0189,True
1741428803538,85996.27,6e-05,True
1741428803538,85996.27,6e-05,True
1741428803538,85996.27,6e-05,True
1741428803538,85996.0,0.0001,True
1741428803538,85996.0,0.002,True
1741428803538,85994.66,0.00511,True
1741428803538,85994.26,7e-05,True
1741428803538,85994.25,0.00908,True
1741428803538,85994.04,0.00012,True
1741428803538,85993.86,8e-05,True
1741428803538,85993.84,0.09663,True
1741428803538,85993.84,6e-05,True
1741428803538,85993.84,6e-05,True
1741428803538,85993.73,7e-05,True
1741428803538,85993.68,0.00037,True
1741428803538,85993.65,7e-05,True
1741428803538,85993.64,0.01129,True
1741428803538,85992.65,7e-05,True
1741428803619,85992.65,5e-05,False
1741428803704,85992.65,0.00011,False
1741428803813,85992.65,0.00667,False
1741428803820,85992.64,0.01256,True
1741428803941,85992.64,0.06378,True
1741428803941,85992.64,0.03622,True
1741428803947,85992.64,0.00033,True
1741428803949,85992.64,0.0002,True
1741428804372,85992.65,0.00282,False
1741428804436,85992.64,0.0002,True
1741428804608,85992.64,0.0128,True
1741428804751,85992.65,0.01162,False
1741428804841,85992.65,0.00581,False
1741428805504,85992.65,0.0082,False
1741428805550,85992.65,0.01162,False
1741428805554,85992.65,0.00755,False
1741428805588,85992.64,0.0002,True
1741428805937,85992.64,0.0002,True
1741428806101,85992.65,0.00069,False
1741428806503,85992.65,0.00614,False
1741428806869,85992.65,0.00036,False
1741428806962,85992.64,0.00058,True
1741428806969,85992.64,0.00033,True
1741428807288,85992.64,0.0082,True
1741428807681,85992.64,0.00613,True
1741428808613,85992.65,0.00819,False
1741428808886,85992.64,0.00176,True
1741428809058,85992.64,0.00866,True
1741428809058,85992.64,0.0001,True
1741428809058,85992.64,6e-05,True
1741428809058,85992.64,6e-05,True
1741428809058,85992.64,0.00021,True
1741428809058,85992.64,0.00014,True
1741428809058,85992.64,6e-05,True
1741428809058,85992.64,0.00308,True
1741428809058,85992.64,0.00054,True
1741428809058,85992.64,0.11,True
1741428809058,85992.64,0.81638,True
1741428809058,85992.64,0.0472,True
1741428809062,85992.64,0.02735,True
1741428809063,85992.64,0.0053,True
1741428809063,85992.64,0.02015,True
1741428809063,85992.64,6e-05,True
1741428809063,85992.64,6e-05,True
1741428809063,85992.64,6e-05,True
1741428809063,85992.64,0.00033,True
1741428809063,85992.64,0.0001,True
1741428809063,85992.64,0.0001,True
1741428809063,85992.64,0.0001,True
1741428809063,85992.64,6e-05,True
1741428809063,85992.64,6e-05,True
1741428809063,85992.64,6e-05,True
1741428809063,85992.63,6e-05,True
1741428809063,85992.63,6e-05,True
1741428809063,85992.6,6e-05,True
1741428809063,85992.6,6e-05,True
1741428809063,85992.6,0.00014,True
1741428809063,85992.59,6e-05,True
1741428809063,85992.59,6e-05,True
1741428809063,85992.58,6e-05,True
1741428809063,85992.58,6e-05,True
1741428809063,85992.57,6e-05,True
1741428809063,85992.56,6e-05,True
1741428809063,85992.54,6e-05,True
1741428809063,85992.31,7e-05,True
1741428809063,85992.31,0.00029,True
1741428809063,85992.31,0.00021,True
1741428809063,85992.31,0.00021,True
1741428809063,85992.31,0.00021,True
1741428809063,85992.3,0.01046,True
1741428809063,85992.0,0.0001,True
1741428809063,85992.0,0.002,True
1741428809065,85990.15,0.00019,True
1741428809067,85990.14,0.00511,True
1741428809067,85990.1,7e-05,True
1741428809067,85990.09,0.0072,True
1741428809067,85990.08,7e-05,True
1741428809067,85990.07,0.01129,True
1741428809067,85990.01,0.00073,True
1741428809067,85989.7,0.001,True
1741428809067,85989.68,0.00145,True
1741428809067,85989.64,7e-05,True
1741428809067,85989.63,0.00977,True
1741428809067,85989.63,6e-05,True
1741428809067,85989.63,0.00332,True
1741428809068,85989.63,0.013,True
1741428809087,85989.63,0.06804,True
1741428809087,85989.63,6e-05,True
1741428809087,85989.63,0.0001,True
1741428809087,85989.63,6e-05,True
1741428809087,85989.63,6e-05,True
1741428809087,85989.63,6e-05,True
1741428809087,85989.63,6e-05,True
1741428809087,85989.63,6e-05,True
1741428809087,85989.63,6e-05,True
1741428809087,85989.63,6e-05,True
1741428809087,85989.63,6e-05,True
1741428809087,85989.63,6e-05,True
1741428809087,85989.62,0.00015,True
1741428809087,85989.62,6e-05,True
1741428809087,85989.62,6e-05,True
1741428809087,85989.17,0.00016,True
1741428809087,85989.17,0.00016,True
1741428809087,85989.17,0.00016,True
1741428809087,85989.17,6e-05,True
1741428809087,85989.17,6e-05,True
1741428809087,85989.16,7e-05,True
1741428809087,85989.16,6e-05,True
1741428809087,85989.16,6e-05,True
1741428809087,85989.15,0.00838,True
1741428809089,85989.15,0.0007,True
1741428809089,85989.15,6e-05,True
1741428809089,85989.15,6e-05,True
1741428809089,85989.0,0.00026,True
1741428809089,85989.0,6e-05,True
1741428809089,85988.94,6e-05,True
1741428809090,85988.93,0.01171,True
1741428809090,85988.93,6e-05,True
1741428809090,85988.93,0.00019,True
1741428809097,85988.93,0.00281,True
1741428809097,85988.93,6e-05,True
1741428809097,85988.93,0.0001,True
1741428809097,85988.93,0.0001,True
1741428809097,85988.93,6e-05,True
1741428809097,85988.93,6e-05,True
1741428809097,85988.93,6e-05,True
1741428809097,85988.93,6e-05,True
1741428809097,85988.93,0.0001,True
1741428809097,85988.93,6e-05,True
1741428809097,85988.93,6e-05,True
1741428809097,85988.93,6e-05,True
1741428809097,85988.93,6e-05,True
1741428809097,85988.01,7e-05,True
1741428809097,85988.01,0.00014,True
1741428809097,85988.01,6e-05,True
1741428809097,85988.01,6e-05,True
1741428809097,85988.01,6e-05,True
1741428809097,85988.01,6e-05,True
1741428809097,85988.01,6e-05,True
1741428809097,85988.0,0.0001,True
1741428809097,85988.0,0.002,True
1741428809097,85988.0,0.0001,True
1741428809097,85988.0,6e-05,True
1741428809097,85988.0,6e-05,True
1741428809097,85987.96,6e-05,True
1741428809097,85987.96,6e-05,True
1741428809097,85987.59,7e-05,True
1741428809097,85987.59,0.0002,True
1741428809097,85987.59,6e-05,True
1741428809097,85987.59,6e-05,True
1741428809414,85987.58,0.00818,True
1741428809444,85987.58,0.0002,True
1741428809679,85987.58,0.00208,True
1741428809679,85987.58,6e-05,True
1741428809679,85987.58,0.0001,True
1741428809679,85987.58,0.00013,True
1741428809679,85987.58,6e-05,True
1741428809679,85987.58,6e-05,True
1741428809679,85987.58,6e-05,True
1741428809679,85987.58,0.0001,True
1741428809679,85987.58,6e-05,True
1741428809679,85987.58,0.00037,True
1741428809996,85987.59,0.00818,False
1741428810025,85987.59,8e-05,False
1741428810450,85987.58,0.0002,True
1741428810466,85987.58,0.00766,True
1741428810495,85987.58,0.01729,True
1741428810577,85987.58,0.01824,True
1741428810796,85987.58,0.00817,True
1741428810832,85987.58,0.05685,True
1741428811240,85987.59,0.00135,False
1741428811240,85987.59,0.00026,False
1741428811395,85987.59,0.00818,False
1741428811631,85987.59,0.0029,False
1741428812093,85987.58,8e-05,True
1741428812102,85987.59,0.00038,False
1741428812188,85987.58,0.00817,True
1741428812874,85987.58,0.00606,True
1741428813291,85987.59,0.00446,False
1741428813304,85987.59,0.00817,False
1741428813404,85987.58,0.00091,True
1741428813832,85987.59,0.01162,False
1741428814056,85987.59,0.00245,False
1741428814316,85987.59,0.00613,False
1741428814971,85987.58,6e-05,True
1741428814971,85987.58,2e-05,True
1741428815156,85987.58,8e-05,True
1741428815156,85987.58,1e-05,True
1741428815444,85987.58,5e-05,True
1741428815444,85987.58,6e-05,True
1741428815444,85987.58,6e-05,True
1741428815444,85987.58,0.00014,True
1741428815444,85987.58,6e-05,True
1741428815444,85987.58,0.0078,True
1741428815630,85987.58,6e-05,True
1741428815684,85987.58,0.00361,True
1741428816037,85987.59,0.00665,False
1741428816057,85987.59,5e-05,False
1741428817519,85987.58,0.01276,True
1741428818114,85987.59,0.00817,False
1741428818348,85987.59,0.00028,False
1741428818423,85987.58,0.08577,True
1741428818423,85987.58,0.00047,True
1741428818455,85987.59,0.03892,False
1741428818455,85987.59,0.0926,False
1741428818455,85987.59,0.02549,False
1741428818647,85987.58,0.11513,True
1741428819091,85987.58,0.09395,True
1741428819501,85987.58,6e-05,True
1741428819501,85987.58,0.00073,True
1741428819561,85987.58,0.00015,True
1741428819698,85987.58,0.0002,True
1741428819737,85987.58,0.01327,True
1741428819737,85987.58,0.08565,True
1741428819737,85987.58,6e-05,True
1741428819737,85987.58,0.0001,True
1741428819737,85987.58,6e-05,True
1741428819737,85987.58,6e-05,True
1741428819737,85987.58,6e-05,True
1741428819737,85987.58,6e-05,True
1741428819737,85987.58,0.00013,True
1741428819737,85987.58,0.0001,True
1741428819737,85987.58,0.0001,True
1741428819737,85987.58,0.0001,True
1741428819737,85987.58,6e-05,True
1741428819737,85987.57,6e-05,True
1741428819737,85987.57,6e-05,True
1741428819737,85987.55,6e-05,True
1741428819737,85987.55,6e-05,True
1741428819737,85987.54,6e-05,True
1741428819737,85987.54,6e-05,True
1741428819737,85987.53,6e-05,True
1741428819737,85987.53,6e-05,True
1741428819737,85987.53,0.00014,True
1741428819737,85987.52,6e-05,True
1741428819737,85987.51,6e-05,True
1741428819737,85987.49,6e-05,True
1741428819737,85987.47,0.00013,True
1741428819737,85987.43,0.00013,True
1741428819737,85986.38,7e-05,True
1741428819737,85985.6,0.00012,True
1741428819737,85985.6,0.00012,True
1741428819737,85985.6,0.00012,True
1741428819737,85985.59,0.0001,True
1741428819737,85985.5,7e-05,True
1741428819737,85985.5,7e-05,True
1741428819737,85985.5,7e-05,True
1741428819740,85985.49,0.01129,True
1741428819740,85985.49,0.0001,True
1741428819740,85985.49,0.0001,True
1741428819740,85985.49,6e-05,True
1741428819740,85985.49,6e-05,True
1741428819740,85985.49,0.0001,True
1741428819740,85985.49,6e-05,True
1741428819740,85985.49,6e-05,True
1741428819740,85985.49,6e-05,True
1741428819740,85985.49,6e-05,True
1741428819740,85985.48,0.0001,True
1741428819740,85985.18,7e-05,True
1741428819740,85985.18,7e-05,True
1741428819740,85985.18,6e-05,True
1741428819740,85985.18,7e-05,True
1741428819740,85985.17,0.01171,True
1741428819740,85985.17,6e-05,True
1741428819740,85985.17,6e-05,True
1741428819740,85985.01,6e-05,True
1741428819740,85985.01,6e-05,True
1741428819740,85985.01,6e-05,True
1741428819740,85984.68,0.00039,True
1741428819740,85984.68,6e-05,True
1741428819740,85984.68,6e-05,True
1741428819740,85984.62,7e-05,True
1741428819740,85984.62,7e-05,True
1741428819740,85984.62,7e-05,True
1741428819740,85984.61,0.00511,True
1741428819740,85984.61,6e-05,True
1741428819740,85984.56,7e-05,True
1741428819740,85984.56,7e-05,True
1741428819740,85984.56,6e-05,True
1741428819740,85984.56,7e-05,True
1741428819740,85984.55,0.00748,True
1741428820698,85984.56,7e-05,False
1741428821174,85984.56,0.00256,False
1741428821489,85984.55,0.00119,True
1741428821860,85984.56,0.00011,False
1741428821946,85984.55,0.00041,True
1741428821946,85984.55,6e-05,True
1741428821946,85984.55,6e-05,True
1741428821946,85984.55,6e-05,True
1741428821946,85984.55,6e-05,True
1741428821946,85984.55,6e-05,True
1741428821946,85984.55,0.00014,True
1741428821946,85984.55,0.00485,True
1741428822364,85984.56,0.00612,False
1741428823066,85984.56,0.00156,False
1741428823074,85984.55,0.00013,True
1741428823152,85984.55,0.00817,True
1741428823478,85984.55,0.00153,True
1741428823478,85984.55,0.00079,True
1741428823486,85984.56,0.00092,False
1741428823524,85984.55,0.00611,True
1741428823903,85984.55,0.00113,True
1741428824084,85984.55,8e-05,True
1741428824124,85984.56,0.00816,False
1741428824170,85984.55,0.00016,True
1741428824471,85984.56,0.03197,False
1741428824724,85984.55,0.00132,True
1741428824873,85984.55,6e-05,True
1741428825139,85984.56,0.00612,False
1741428825276,85984.55,0.08567,True
1741428825276,85984.55,0.21524,True
1741428825276,85984.55,6e-05,True
1741428825276,85984.55,0.00313,True
1741428825276,85984.55,6e-05,True
1741428825276,85984.55,6e-05,True
1741428825276,85984.55,0.00014,True
1741428825276,85984.55,6e-05,True
1741428825276,85984.55,0.1,True
1741428825276,85984.55,0.00015,True
1741428825276,85984.55,0.03908,True
1741428825276,85984.55,8e-05,True
1741428825276,85984.55,6e-05,True
1741428825276,85984.55,6e-05,True
1741428825276,85984.55,0.0001,True
1741428825276,85984.55,0.0001,True
1741428825276,85984.55,0.0001,True
1741428825276,85984.55,7e-05,True
1741428825276,85984.55,7e-05,True
1741428825276,85984.55,7e-05,True
1741428825276,85984.54,0.00064,True
1741428825276,85984.54,6e-05,True
1741428825276,85984.54,6e-05,True
1741428825276,85984.54,0.00938,True
1741428825276,85984.54,0.00938,True
1741428825276,85984.54,0.00938,True
1741428825276,85984.54,0.00938,True
1741428825276,85984.54,0.00938,True
1741428825276,85984.54,0.00938,True
1741428825276,85984.54,0.00938,True
1741428825276,85984.54,0.00938,True
1741428825276,85984.54,0.00938,True
1741428825276,85984.54,0.00936,True
1741428825276,85984.5,0.00014,True
1741428825276,85984.5,6e-05,True
1741428825276,85984.5,6e-05,True
1741428825276,85984.46,6e-05,True
1741428825276,85984.46,6e-05,True
1741428825276,85984.45,6e-05,True
1741428825276,85984.45,6e-05,True
1741428825276,85984.44,6e-05,True
1741428825276,85984.42,6e-05,True
1741428825276,85984.41,6e-05,True
1741428825276,85984.41,0.00014,True
1741428825276,85984.01,7e-05,True
1741428825276,85984.01,7e-05,True
1741428825276,85984.01,8e-05,True
1741428825276,85984.01,8e-05,True
1741428825276,85984.01,8e-05,True
1741428825276,85984.01,7e-05,True
1741428825276,85984.0,0.0001,True
1741428825276,85984.0,0.002,True
1741428825276,85984.0,0.0001,True
1741428825276,85984.0,0.014,True
1741428825276,85982.71,0.00019,True
1741428825276,85982.69,6e-05,True
1741428825276,85982.69,6e-05,True
1741428825276,85982.01,7e-05,True
1741428825276,85982.01,7e-05,True
1741428825276,85982.01,7e-05,True
1741428825276,85982.0,0.014,True
1741428825276,85981.99,0.00145,True
1741428825276,85981.15,0.00031,True
1741428825276,85980.69,7e-05,True
1741428825276,85980.69,7e-05,True
1741428825276,85980.69,7e-05,True
1741428825276,85980.68,0.01171,True
1741428825276,85980.67,0.00199,True
1741428825276,85980.57,0.00511,True
1741428825276,85980.36,0.01129,True
1741428825276,85980.21,0.00908,True
1741428825276,85980.0,0.0001,True
1741428825276,85980.0,0.002,True
1741428825276,85980.0,0.0001,True
1741428825276,85980.0,0.014,True
1741428825276,85979.26,0.00012,True
1741428825276,85978.29,7e-05,True
1741428825276,85977.68,0.01163,True
1741428825276,85977.5,0.00036,True
1741428825276,85977.41,0.01129,True
1741428825276,85977.2,0.00511,True
1741428825276,85977.0,0.00348,True
1741428825276,85976.98,0.00012,True
1741428825276,85976.96,7e-05,True
1741428825276,85976.96,7e-05,True
1741428825276,85976.96,7e-05,True
1741428825276,85976.95,7e-05,True
1741428825276,85976.95,0.03973,True
1741428825276,85976.95,0.13003,True
1741428825276,85976.94,0.01043,True
1741428825276,85976.78,0.00012,True
1741428825276,85976.7,0.00028,True
1741428825276,85976.69,0.01585,True
1741428825276,85976.47,0.00908,True
1741428825276,85976.11,0.01171,True
1741428825276,85976.0,0.0001,True
1741428825276,85976.0,0.002,True
1741428825276,85976.0,0.0001,True
1741428825276,85975.95,0.45,True
1741428825276,85975.82,0.01956,True
1741428825276,85975.55,0.00017,True
1741428825276,85975.32,0.01785,True
1741428825276,85975.0,0.04206,True
1741428825276,85974.38,0.00012,True
1741428825276,85974.37,0.02379,True
1741428825276,85974.2,0.003,True
1741428825276,85973.92,0.01925,True
1741428825276,85973.73,0.03941,True
1741428825276,85973.47,0.23396,True
1741428825276,85973.45,0.01155,True
1741428825276,85973.29,7e-05,True
1741428825276,85973.28,0.00085,True
1741428825276,85972.95,0.00058,True
1741428825276,85972.55,0.00908,True
1741428825276,85972.52,0.00532,True
1741428825276,85972.45,0.01129,True
1741428825276,85972.37,0.04577,True
1741428825276,85972.19,6e-05,True
1741428825276,85972.1,0.00012,True
1741428825276,85972.0,0.0001,True
1741428825276,85972.0,0.002,True
1741428825276,85972.0,0.0001,True
1741428825276,85971.86,0.00511,True
1741428825276,85971.77,0.02532,True
1741428825276,85971.66,0.01163,True
1741428825276,85971.59,0.00748,True
1741428825276,85971.56,0.00117,True
1741428825276,85971.4,0.001,True
1741428825276,85971.29,0.00085,True
1741428825276,85971.28,0.02161,True
1741428825276,85971.19,0.00012,True
1741428825276,85971.06,6e-05,True
1741428825276,85971.0,6e-05,True
1741428825276,85970.86,0.01623,True
1741428825276,85970.71,0.00029,True
1741428825276,85970.58,0.01171,True
1741428825276,85970.39,0.58054,True
1741428825276,85970.24,0.05789,True
1741428825276,85970.21,0.01013,True
1741428825276,85970.0,6e-05,True
1741428825276,85970.0,0.00011,True
1741428825276,85969.68,0.00012,True
1741428825276,85969.63,0.47542,True
1741428825276,85969.63,0.18876,True
1741428825276,85969.57,0.01478,True
1741428825276,85969.48,0.04598,True
1741428825276,85969.32,0.00873,True
1741428825276,85969.29,9e-05,True
1741428825276,85969.27,0.00012,True
1741428825276,85969.14,0.00023,True
1741428825276,85968.97,0.02207,True
1741428825276,85968.54,0.01129,True
1741428825276,85968.46,0.00565,True
1741428825276,85968.44,0.01473,True
1741428825276,85968.37,0.00083,True
1741428825276,85968.36,0.01178,True
1741428825276,85968.09,0.04,True
1741428825276,85968.07,0.01263,True
1741428825276,85968.0,0.0001,True
1741428825276,85968.0,0.002,True
1741428825276,85968.0,0.0001,True
1741428825276,85968.0,0.00015,True
1741428825276,85967.94,0.58686,True
1741428825276,85967.94,0.18092,True
1741428825276,85967.51,0.01171,True
1741428825276,85967.45,0.02181,True
1741428825276,85967.38,0.28506,True
1741428825282,85967.94,6e-05,True
1741428825282,85967.94,1e-05,True
1741428825412,85967.94,0.00459,True
1741428825694,85967.94,0.0002,True
1741428825765,85967.95,0.09303,False
1741428825769,85967.95,6e-05,False
1741428825988,85967.95,0.00579,False
1741428825988,85967.95,0.00064,False
1741428826041,85967.95,0.00013,False
1741428826274,85967.94,0.01426,True
1741428826362,85967.95,8e-05,False
1741428826876,85967.95,0.00815,False
1741428827396,85967.94,0.0005,True
1741428827522,85967.95,0.00116,False
1741428827667,85967.94,0.00814,True
1741428827816,85967.94,0.06563,True
1741428827984,85967.94,0.00027,True
1741428828203,85967.94,0.0002,True
1741428828258,85967.95,0.00814,False
1741428828264,85967.94,0.00621,True
1741428828652,85967.95,0.0073,False
1741428828652,85967.95,0.00419,False
1741428828652,85967.95,0.00014,False
1741428828674,85967.95,0.04651,False
1741428829168,85967.94,0.00013,True
1741428829389,85967.95,0.00142,False
1741428829409,85967.94,0.00813,True
1741428829998,85967.95,0.00814,False
1741428830040,85967.95,0.00015,False
1741428830764,85967.95,0.00613,False
1741428830807,85967.95,0.00017,False
1741428831130,85967.94,0.00813,True
1741428831724,85967.95,0.00813,False
1741428831910,85967.95,8e-05,False
1741428831915,85967.94,0.2,True
1741428832507,85967.94,0.00812,True
1741428832846,85967.94,0.00242,True
1741428833184,85967.94,0.00039,True
1741428833417,85967.95,0.00813,False
1741428833678,85967.95,0.00033,False
1741428833836,85967.95,0.00068,False
1741428833943,85967.94,0.00023,True
1741428834205,85967.94,0.00812,True
1741428834623,85967.95,0.00029,False
1741428834793,85967.95,0.00812,False
1741428834807,85967.95,8e-05,False
1741428834926,85967.94,0.00059,True
1741428835014,85967.95,0.03196,False
1741428835034,85967.95,0.00024,False
1741428835071,85967.95,0.0012,False
1741428835378,85967.95,0.00061,False
1741428835620,85967.94,0.00084,True
1741428835926,85967.94,0.00812,True
1741428836163,85967.94,6e-05,True
1741428836342,85967.95,6e-05,False
1741428836342,85967.95,6e-05,False
1741428836342,85967.95,6e-05,False
1741428836342,85967.95,6e-05,False
1741428836342,85967.95,0.00502,False
1741428836342,85967.95,0.00013,False
1741428836342,85967.95,0.00041,False
1741428836516,85967.95,0.00085,False
1741428836516,85967.95,0.00058,False
1741428836516,85967.95,0.006,False
1741428836516,85967.95,6e-05,False
1741428836516,85967.95,0.00063,False
1741428836730,85967.94,0.00049,True
1741428836878,85967.95,0.0001,False
1741428837239,85967.94,0.15811,True
1741428837475,85967.95,8e-05,False
1741428837862,85967.95,0.00585,False
1741428837862,85967.95,0.00024,False
1741428838001,85967.94,0.00116,True
1741428838089,85967.95,0.00057,False
1741428838089,85967.95,6e-05,False
1741428838089,85967.95,7e-05,False
1741428838089,85967.95,7e-05,False
1741428838089,85967.95,0.00014,False
1741428838089,85967.95,0.00215,False
1741428838089,85967.95,0.00236,False
1741428838089,85967.95,0.0004,False
1741428838665,85967.94,0.00812,True
1741428838978,85967.95,0.00017,False
1741428838978,85967.95,6e-05,False
1741428838978,85967.95,3e-05,False
1741428839377,85967.94,0.00608,True
1741428839847,85967.94,0.00016,True
1741428839964,85967.95,3e-05,False
1741428839964,85967.95,6e-05,False
1741428839964,85967.95,6e-05,False
1741428839964,85967.95,0.00014,False
1741428839964,85967.95,6e-05,False
1741428839964,85967.95,0.00086,False
1741428839964,85967.95,0.0003,False
1741428839964,85967.95,0.00084,False
1741428839964,85967.95,0.00577,False
1741428840024,85967.94,0.00067,True
1741428840541,85967.95,0.00121,False
1741428840978,85967.95,0.00609,False
1741428841375,85967.94,0.0004,True
1741428841760,85967.94,0.01419,True
1741428841915,85967.94,0.00021,True
1741428842073,85967.94,0.00093,True
1741428842686,85967.95,0.00812,False
1741428843135,85967.95,0.0003,False
1741428843222,85967.95,0.0001,False
1741428843240,85967.94,0.0002,True
1741428843474,85967.94,0.00812,True
1741428843844,85967.94,6e-05,True
1741428844097,85967.94,0.00015,True
1741428844098,85967.94,0.00015,True
1741428844103,85967.94,0.00015,True
1741428844108,85967.94,0.00015,True
1741428844356,85967.95,0.00036,False
1741428844400,85967.95,0.00811,False
1741428844561,85967.94,0.04303,True
1741428844561,85967.94,6e-05,True
1741428844561,85967.94,6e-05,True
1741428844561,85967.94,0.00088,True
1741428844561,85967.94,0.00013,True
1741428844561,85967.94,6e-05,True
1741428844561,85967.94,6e-05,True
1741428844561,85967.94,6e-05,True
1741428844561,85967.94,0.00265,True
1741428844561,85967.94,0.06985,True
1741428844678,85967.95,0.01414,False
1741428844703,85967.94,6e-05,True
1741428844703,85967.94,0.00396,True
1741428844778,85967.95,0.00037,False
1741428844803,85967.95,0.00011,False
1741428844847,85967.94,0.00888,True
1741428844979,85967.95,0.00012,False
1741428845194,85967.94,0.00787,True
1741428845194,85967.94,0.00023,True
1741428845604,85967.95,0.0319,False
1741428845652,85967.94,0.01127,True
1741428845787,85967.95,0.0081,False
1741428845819,85967.95,7e-05,False
1741428846580,85967.94,0.00809,True
1741428846802,85967.94,0.00601,True
1741428846802,85967.94,0.00016,True
1741428846802,85967.94,0.05916,True
1741428846891,85967.95,0.00034,False
1741428847018,85967.95,0.00218,False
1741428847174,85967.95,0.00786,False
1741428847174,85967.95,0.00024,False
1741428848245,85967.94,0.0002,True
1741428848283,85967.94,0.03555,True
1741428848585,85967.94,0.06425,True
1741428848585,85967.94,0.00222,True
1741428848585,85967.94,0.0083,True
1741428848585,85967.94,0.00308,True
1741428848585,85967.94,0.00043,True
1741428848585,85967.94,7e-05,True
1741428848585,85967.94,7e-05,True
1741428848585,85967.94,0.00058,True
1741428848585,85967.94,0.00542,True
1741428848585,85967.94,0.01732,True
1741428848585,85967.94,6e-05,True
1741428848585,85967.94,6e-05,True
1741428848585,85967.94,6e-05,True
1741428848585,85967.94,6e-05,True
1741428848585,85967.94,6e-05,True
1741428848585,85967.94,6e-05,True
1741428848585,85967.94,0.00014,True
1741428848585,85967.94,0.02342,True
1741428848644,85967.94,0.00809,True
1741428848663,85967.94,0.00308,True
1741428848665,85967.95,0.00018,False
1741428848703,85967.95,0.0001,False
1741428848748,85967.94,0.0002,True
1741428848802,85967.94,0.07521,True
1741428848802,85967.94,0.00014,True
1741428848802,85967.94,0.0083,True
1741428848802,85967.94,7e-05,True
1741428848802,85967.94,7e-05,True
1741428848802,85967.94,6e-05,True
1741428848802,85967.94,6e-05,True
1741428848802,85967.94,6e-05,True
1741428848802,85967.94,6e-05,True
1741428848802,85967.94,6e-05,True
1741428848802,85967.94,6e-05,True
1741428848802,85967.94,0.00014,True
1741428848802,85967.94,0.0083,True
1741428848802,85967.94,7e-05,True
1741428848802,85967.94,0.0083,True
1741428848802,85967.94,0.0083,True
1741428848802,85967.94,0.0083,True
1741428848802,85967.94,0.0083,True
1741428848802,85967.94,0.0083,True
1741428848802,85967.94,0.0083,True
1741428848802,85967.94,0.00821,True
1741428848802,85967.93,6e-05,True
1741428848802,85967.93,6e-05,True
1741428848802,85967.93,0.00209,True
1741428848802,85967.93,0.00665,True
1741428848802,85967.93,0.00665,True
1741428848802,85967.93,0.00665,True
1741428848802,85967.93,0.00665,True
1741428848802,85967.93,0.00665,True
1741428848802,85967.93,0.00665,True
1741428848802,85967.93,0.00665,True
1741428848802,85967.93,0.00665,True
1741428848802,85967.93,0.00665,True
1741428848802,85967.93,0.00662,True
1741428848802,85967.92,6e-05,True
1741428848802,85967.92,6e-05,True
1741428848802,85967.92,0.00013,True
1741428848802,85967.91,6e-05,True
1741428848802,85967.91,6e-05,True
1741428848802,85967.9,6e-05,True
1741428848802,85967.9,6e-05,True
1741428848802,85967.89,6e-05,True
1741428848802,85967.86,6e-05,True
1741428848802,85967.84,6e-05,True
1741428848802,85967.83,0.00014,True
1741428848802,85967.79,0.00014,True
1741428848802,85967.57,7e-05,True
1741428848802,85967.57,7e-05,True
1741428848802,85967.57,7e-05,True
1741428848802,85967.56,0.00082,True
1741428848802,85967.56,0.00082,True
1741428848802,85967.56,0.00133,True
1741428848802,85967.56,0.00082,True
1741428848802,85967.49,0.00057,True
1741428848802,85967.31,0.00035,True
1741428848802,85967.26,0.00017,True
1741428848803,85966.72,0.0001,True
1741428848803,85966.32,0.00023,True
1741428848803,85966.07,7e-05,True
1741428848803,85966.07,6e-05,True
1741428848803,85966.06,0.00015,True
1741428848803,85965.61,0.00012,True
1741428848803,85965.43,7e-05,True
1741428848803,85965.43,7e-05,True
1741428848803,85965.43,7e-05,True
1741428848803,85965.42,0.01176,True
1741428848803,85965.42,0.0001,True
1741428848804,85965.42,0.00021,True
1741428848804,85965.0,6e-05,True
1741428848804,85964.85,7e-05,True
1741428848804,85964.85,7e-05,True
1741428848804,85964.85,7e-05,True
1741428848804,85964.84,0.0067,True
1741428848804,85964.11,0.00786,True
1741428848804,85964.0,0.0001,True
1741428848804,85964.0,0.002,True
1741428848804,85964.0,0.0001,True
1741428848804,85964.0,0.00015,True
1741428848804,85963.71,7e-05,True
1741428848804,85963.7,0.01405,True
1741428848804,85963.42,0.09181,True
1741428848804,85963.37,0.0069,True
1741428848804,85963.24,8e-05,True
1741428848804,85963.42,6e-05,True
1741428848804,85963.42,6e-05,True
1741428848804,85963.24,0.0002,True
1741428848804,85962.46,0.01163,True
1741428848804,85961.78,0.003,True
1741428848805,85961.05,0.01441,True
1741428848805,85960.99,7e-05,True
1741428848805,85960.95,0.00023,True
1741428848805,85960.84,0.00012,True
1741428848805,85960.59,0.0154,True
1741428848805,85960.4,0.00457,True
1741428848805,85960.24,0.0012,True
1741428848809,85960.59,6e-05,True
1741428848809,85960.59,6e-05,True
1741428848809,85960.41,7e-05,True
1741428848809,85960.41,7e-05,True
1741428848809,85960.41,7e-05,True
1741428848809,85960.24,0.00025,True
1741428848809,85960.16,8e-05,True
1741428848809,85960.01,0.01011,True
1741428848809,85960.01,0.003,True
1741428848809,85960.0,0.0001,True
1741428848809,85960.0,0.002,True
1741428848809,85960.0,0.0001,True
1741428848809,85960.0,0.00015,True
1741428848809,85959.72,0.01248,True
1741428848809,85959.72,0.00094,True
1741428848809,85959.72,6e-05,True
1741428848809,85959.72,6e-05,True
1741428848813,85959.72,6e-05,True
1741428848813,85958.6,0.00014,True
1741428848813,85958.31,0.00012,True
1741428848813,85958.31,6e-05,True
1741428848813,85958.23,0.00926,True
1741428848814,85958.23,0.0018,True
1741428848814,85958.23,0.0097,True
1741428848815,85958.31,6e-05,True
1741428848815,85958.31,6e-05,True
1741428848815,85958.31,6e-05,True
1741428848815,85958.23,0.00377,True
1741428848817,85958.31,6e-05,True
1741428848817,85958.31,6e-05,True
1741428848817,85958.23,0.0279,True
1741428848820,85958.23,0.013,True
1741428848822,85958.23,0.01826,True
1741428848829,85958.23,0.00362,True
1741428848852,85958.23,6e-05,True
1741428848852,85958.23,6e-05,True
1741428848852,85958.23,6e-05,True
1741428848852,85958.23,0.0001,True
1741428848852,85958.23,0.0001,True
1741428848852,85958.23,0.0001,True
1741428848852,85958.23,6e-05,True
1741428848852,85958.23,6e-05,True
1741428848852,85958.23,6e-05,True
1741428848852,85958.23,6e-05,True
1741428848852,85958.23,6e-05,True
1741428848852,85958.23,6e-05,True
1741428848852,85958.23,6e-05,True
1741428848852,85958.23,0.00504,True
1741428848852,85958.23,0.0006,True
1741428848852,85958.23,0.01,True
1741428848884,85958.23,6e-05,True
1741428848884,85958.23,0.0001,True
1741428848884,85958.23,0.0001,True
1741428848884,85958.23,6e-05,True
1741428848884,85958.23,0.0001,True
1741428848884,85958.23,6e-05,True
1741428848884,85958.23,6e-05,True
1741428848884,85958.23,6e-05,True
1741428848884,85958.23,6e-05,True
1741428848884,85958.23,6e-05,True
1741428848884,85958.23,6e-05,True
1741428848884,85958.23,6e-05,True
1741428848884,85958.23,6e-05,True
1741428848884,85958.23,6e-05,True
1741428848884,85958.22,0.00049,True
1741428848884,85958.22,6e-05,True
1741428848884,85958.22,6e-05,True
1741428848884,85958.07,0.00014,True
1741428848884,85958.07,6e-05,True
1741428848884,85958.07,6e-05,True
1741428848884,85957.61,0.00039,True
1741428848884,85957.61,0.00011,True
1741428848884,85957.61,6e-05,True
1741428848884,85957.61,6e-05,True
1741428848884,85957.61,0.0005,True
1741428848884,85957.6,0.00036,True
1741428848884,85957.6,6e-05,True
1741428848884,85957.6,6e-05,True
1741428848884,85957.6,7e-05,True
1741428848884,85957.6,7e-05,True
1741428848884,85957.6,0.0005,True
1741428848884,85957.6,7e-05,True
1741428848903,85957.59,0.01491,True
1741428848903,85957.59,6e-05,True
1741428848903,85957.59,6e-05,True
1741428848903,85957.59,0.0001,True
1741428848903,85957.59,0.0001,True
1741428848903,85957.59,0.0001,True
1741428848903,85957.59,6e-05,True
1741428848903,85957.59,6e-05,True
1741428848903,85957.59,6e-05,True
1741428848903,85957.59,6e-05,True
1741428848903,85957.59,6e-05,True
1741428848903,85957.59,0.00568,True
1741428848905,85957.59,0.01545,True
1741428848905,85957.59,6e-05,True
1741428848905,85957.59,6e-05,True
1741428848905,85957.59,6e-05,True
1741428848905,85957.59,0.0001,True
1741428848905,85957.56,0.00013,True
1741428848905,85957.56,6e-05,True
1741428848905,85957.56,6e-05,True
1741428848905,85957.42,6e-05,True
1741428848905,85957.42,7e-05,True
1741428848905,85957.42,7e-05,True
1741428848905,85957.42,6e-05,True
1741428848905,85957.42,7e-05,True
1741428848905,85957.41,0.00399,True
1741428848905,85957.41,6e-05,True
1741428848905,85957.41,6e-05,True
1741428848905,85957.11,7e-05,True
1741428848905,85957.11,7e-05,True
1741428848905,85957.11,6e-05,True
1741428848905,85957.11,6e-05,True
1741428848905,85957.11,7e-05,True
1741428848905,85957.1,0.01464,True
1741428848905,85957.1,6e-05,True
1741428848905,85957.1,6e-05,True
1741428848905,85957.1,6e-05,True
1741428848905,85956.8,7e-05,True
1741428848905,85956.8,7e-05,True
1741428848905,85956.8,6e-05,True
1741428848905,85956.8,7e-05,True
1741428848905,85956.79,0.01653,True
1741428848906,85956.79,0.00371,True
1741428848906,85956.79,6e-05,True
1741428848906,85956.79,6e-05,True
1741428848906,85956.79,6e-05,True
1741428848906,85956.74,0.00765,True
1741428848906,85956.63,7e-05,True
1741428848906,85956.63,7e-05,True
1741428848906,85956.63,7e-05,True
1741428848906,85956.62,0.00125,True
1741428849239,85956.63,0.00809,False
1741428849268,85956.63,0.00037,False
1741428849426,85956.62,0.0006,True
1741428849751,85956.62,0.0002,True
1741428850007,85956.62,0.00027,True
1741428850020,85956.63,8e-05,False
1741428850093,85956.63,0.00622,False
1741428850210,85956.63,0.00176,False
1741428850684,85956.62,0.00808,True
1741428851136,85956.63,0.00117,False
1741428851271,85956.63,0.00809,False
1741428851716,85956.63,0.00301,False
1741428851794,85956.62,0.00064,True
1741428851814,85956.62,0.00049,True
1741428851920,85956.63,0.00096,False
1741428852057,85956.62,0.00179,True
1741428852057,85956.62,6e-05,True
1741428852057,85956.62,6e-05,True
1741428852057,85956.62,6e-05,True
1741428852057,85956.62,0.00014,True
1741428852057,85956.62,6e-05,True
1741428852057,85956.62,8e-05,True
1741428852057,85956.62,6e-05,True
1741428852057,85956.62,0.0001,True
1741428852057,85956.62,6e-05,True
1741428852057,85956.62,0.00561,True
1741428852820,85956.62,7e-05,True
1741428852974,85956.63,0.00808,False
1741428853745,85956.62,0.00063,True
1741428853764,85956.62,0.00284,True
1741428853764,85956.62,0.00524,True
1741428853836,85956.62,0.00174,True
1741428854120,85956.63,0.00021,False
1741428854335,85956.63,0.00808,False
1741428855061,85956.63,0.00015,False
1741428855296,85956.63,0.00018,False
1741428855334,85956.63,0.00606,False
1741428855362,85956.63,0.0016,False
1741428855489,85956.63,0.00116,False
1741428855548,85956.62,0.00116,True
1741428855736,85956.62,0.0032,True
1741428856125,85956.62,0.01412,True
1741428856179,85956.63,0.03192,False
1741428856252,85956.62,0.01405,True
1741428856359,85956.63,0.00013,False
1741428856462,85956.63,0.0058,False
1741428856711,85956.63,0.00808,False
1741428856798,85956.62,0.05989,True
1741428857346,85956.63,0.00058,False
1741428857478,85956.63,9e-05,False
1741428857499,85956.62,6e-05,True
1741428857499,85956.62,6e-05,True
1741428857499,85956.62,6e-05,True
1741428857499,85956.62,6e-05,True
1741428857499,85956.62,6e-05,True
1741428857499,85956.62,6e-05,True
1741428857499,85956.62,0.00014,True
1741428857499,85956.62,6e-05,True
1741428857499,85956.62,0.00752,True
1741428857506,85956.63,0.00116,False
1741428857513,85956.63,8e-05,False
1741428857952,85956.63,0.00223,False
1741428858070,85956.63,0.0012,False
1741428858435,85956.63,0.00807,False
1741428859041,85956.63,0.00023,False
1741428859561,85956.62,0.00642,True
1741428859797,85956.63,0.00605,False
1741428860073,85956.63,0.00125,False
1741428860181,85956.62,0.00018,True
1741428860223,85956.62,0.00239,True
1741428860426,85956.63,0.00039,False
1741428860470,85956.62,0.02326,True
1741428860870,85956.63,0.00293,False
1741428860923,85956.62,0.0141,True
1741428861038,85956.63,0.00012,False
1741428861295,85956.62,7e-05,True
1741428861442,85956.63,0.0002,False
1741428861522,85956.63,0.00046,False
1741428861522,85956.63,0.00761,False
1741428862815,85956.63,0.00053,False
1741428862867,85956.63,8e-05,False
1741428863125,85956.63,0.00023,False
1741428863858,85956.63,0.00116,False
1741428864343,85956.62,0.00037,True
1741428864505,85956.62,0.05569,True
1741428864505,85956.62,0.03487,True
1741428864505,85956.62,6e-05,True
1741428864505,85956.62,6e-05,True
1741428864505,85956.62,6e-05,True
1741428864505,85956.62,6e-05,True
1741428864505,85956.62,6e-05,True
1741428864505,85956.62,6e-05,True
1741428864505,85956.62,0.00014,True
1741428864505,85956.62,0.02295,True
1741428864505,85956.62,0.1,True
1741428864505,85956.62,0.00408,True
1741428864505,85956.62,0.16084,True
1741428864505,85956.62,0.0001,True
1741428864505,85956.62,0.00251,True
1741428864507,85956.61,6e-05,True
1741428864507,85956.61,6e-05,True
1741428864507,85956.59,6e-05,True
1741428864507,85956.59,6e-05,True
1741428864507,85956.58,6e-05,True
1741428864507,85956.58,6e-05,True
1741428864507,85956.58,0.00013,True
1741428864507,85956.57,6e-05,True
1741428864507,85956.57,6e-05,True
1741428864507,85956.56,6e-05,True
1741428864507,85956.55,6e-05,True
1741428864507,85956.55,0.00014,True
1741428864507,85956.54,6e-05,True
1741428864507,85956.52,0.00014,True
1741428864507,85956.36,7e-05,True
1741428864507,85956.36,7e-05,True
1741428864507,85956.36,7e-05,True
1741428865132,85956.35,0.00232,True
1741428865546,85956.35,0.0001,True
1741428866204,85956.35,0.00014,True
1741428866401,85956.35,0.00234,True
1741428866620,85956.36,0.00011,False
1741428866655,85956.36,0.03154,False
1741428866909,85956.36,0.00605,False
1741428867258,85956.36,0.00018,False
1741428867690,85956.35,0.0039,True
1741428867690,85956.35,6e-05,True
1741428867690,85956.35,0.00222,True
1741428867690,85956.35,6e-05,True
1741428867690,85956.35,6e-05,True
1741428867690,85956.35,0.00013,True
1741428867690,85956.35,6e-05,True
1741428867690,85956.35,6e-05,True
1741428867690,85956.35,6e-05,True
1741428867690,85956.35,6e-05,True
1741428867690,85956.35,0.0014,True
1741428867822,85956.35,0.0002,True
1741428868027,85956.36,0.00016,False
1741428868059,85956.35,0.00148,True
1741428868059,85956.35,0.0001,True
1741428868059,85956.35,0.00446,True
1741428868214,85956.35,0.00308,True
1741428868222,85956.35,0.00222,True
1741428868264,85956.36,0.00052,False
1741428868267,85956.36,0.00022,False
1741428868607,85956.35,0.01888,True
1741428868663,85956.36,0.00806,False
1741428869003,85956.36,7e-05,False
1741428869200,85956.36,0.00036,False
1741428869236,85956.36,0.00018,False
1741428869803,85956.35,0.00805,True
1741428870030,85956.36,0.00017,False
1741428870397,85956.36,0.00805,False
1741428870543,85956.36,0.0005,False
1741428870545,85956.35,0.00253,True
1741428871184,85956.35,0.00804,True
1741428871210,85956.35,0.00759,True
1741428872013,85956.35,0.00163,True
1741428872123,85956.36,0.00805,False
1741428872659,85956.36,0.00058,False
1741428872684,85956.35,0.0024,True
1741428872913,85956.35,0.00804,True
1741428873334,85956.35,0.0005,True
1741428873366,85956.35,0.0005,True
1741428873395,85956.36,0.01123,False
1741428873507,85956.36,0.00804,False
1741428873756,85956.36,0.00023,False
1741428873896,85956.35,0.00051,True
1741428873907,85956.35,0.00052,True
1741428874014,85956.35,0.00051,True
1741428874148,85956.35,0.00051,True
1741428874149,85956.35,0.00052,True
1741428874623,85956.35,0.00804,True
1741428875219,85956.36,0.00013,False
1741428875219,85956.36,0.00791,False
1741428875351,85956.36,0.00018,False
1741428875387,85956.36,0.00018,False
1741428875680,85956.36,0.00165,False
1741428875914,85956.36,0.00019,False
1741428875933,85956.36,0.00019,False
1741428875984,85956.35,0.00116,True
1741428876020,85956.35,0.00024,True
1741428876033,85956.36,0.00019,False
1741428876162,85956.36,0.00018,False
1741428876165,85956.36,0.00019,False
1741428876167,85956.36,0.00019,False
1741428876222,85956.36,0.00603,False
1741428876414,85956.35,0.00978,True
1741428876557,85956.36,0.00116,False
1741428876620,85956.36,0.00117,False
1741428876668,85956.35,6e-05,True
1741428876668,85956.35,6e-05,True
1741428876668,85956.35,6e-05,True
1741428876668,85956.35,6e-05,True
1741428876887,85956.35,0.00392,True
1741428877017,85956.35,0.01405,True
1741428877289,85956.36,0.03155,False
1741428877495,85956.35,0.00036,True
1741428877611,85956.36,0.00804,False
1741428877947,85956.36,0.00497,False
1741428878066,85956.36,0.00204,False
1741428878370,85956.35,0.00036,True
1741428880466,85956.35,0.00033,True
1741428881077,85956.35,0.00027,True
1741428881135,85956.36,0.00058,False
1741428881406,85956.36,0.00124,False
1741428882242,85956.35,0.00029,True
1741428882271,85956.36,0.00084,False
1741428882271,85956.36,0.00391,False
1741428882271,85956.36,0.00086,False
1741428882271,85956.36,0.00085,False
1741428882271,85956.36,0.0009,False
1741428882271,85956.36,0.00014,False
1741428882271,85956.36,0.046,False
1741428882271,85956.36,6e-05,False
1741428882271,85956.36,6e-05,False
1741428882271,85956.36,6e-05,False
1741428882271,85956.36,6e-05,False
1741428882271,85956.36,6e-05,False
1741428882271,85956.36,6e-05,False
1741428882271,85956.36,0.00029,False
1741428882271,85956.36,0.00157,False
1741428882271,85956.36,0.00956,False
1741428882271,85956.36,0.00091,False
1741428882271,85956.36,0.0001,False
1741428882271,85956.36,0.0001,False
1741428882271,85956.36,0.0001,False
1741428882271,85956.36,6e-05,False
1741428882271,85956.36,0.00732,False
1741428882271,85956.36,6e-05,False
1741428882271,85956.37,6e-05,False
1741428882271,85956.37,6e-05,False
1741428882271,85956.37,0.00053,False
1741428882271,85956.38,6e-05,False
1741428882271,85956.38,6e-05,False
1741428882271,85956.39,6e-05,False
1741428882271,85956.39,6e-05,False
1741428882271,85956.39,0.00014,False
1741428882271,85956.4,6e-05,False
1741428882271,85956.4,6e-05,False
1741428882271,85956.4,0.00013,False
1741428882271,85956.41,6e-05,False
1741428882271,85956.42,6e-05,False
1741428882271,85956.42,0.00014,False
1741428882271,85956.43,6e-05,False
1741428882271,85956.62,7e-05,False
1741428882271,85956.62,7e-05,False
1741428882271,85956.62,7e-05,False
1741428882271,85956.63,0.00058,False
1741428882271,85956.63,0.00061,False
1741428882271,85956.63,0.00962,False
1741428882271,85956.63,0.00919,False
1741428882271,85956.63,0.00055,False
1741428882271,85956.63,0.00048,False
1741428882272,85956.89,0.00273,False
1741428882272,85957.59,7e-05,False
1741428882272,85957.59,7e-05,False
1741428882272,85957.59,7e-05,False
1741428882272,85957.6,0.00709,False
1741428882273,85957.6,0.00021,False
1741428882273,85957.6,0.001,False
1741428882273,85958.54,7e-05,False
1741428882273,85958.54,7e-05,False
1741428882273,85958.54,7e-05,False
1741428882273,85958.55,0.01011,False
1741428882273,85958.71,7e-05,False
1741428882273,85958.71,7e-05,False
1741428882273,85958.71,7e-05,False
1741428882273,85958.72,0.01006,False
1741428882273,85959.08,7e-05,False
1741428882273,85959.08,7e-05,False
1741428882273,85959.08,7e-05,False
1741428882273,85959.09,0.01008,False
1741428882277,85959.15,6e-05,False
1741428882277,85959.3,7e-05,False
1741428882277,85959.3,7e-05,False
1741428882277,85959.3,6e-05,False
1741428882277,85959.3,6e-05,False
1741428882277,85959.3,7e-05,False
1741428882277,85959.3,6e-05,False
1741428882277,85959.3,6e-05,False
1741428882277,85959.31,0.01163,False
1741428882277,85959.31,6e-05,False
1741428882277,85959.33,6e-05,False
1741428882277,85959.33,6e-05,False
1741428882279,85959.72,7e-05,False
1741428882279,85959.72,7e-05,False
1741428882279,85959.72,6e-05,False
1741428882279,85959.72,6e-05,False
1741428882279,85959.72,0.0001,False
1741428882279,85959.72,7e-05,False
1741428882279,85959.73,0.01357,False
1741428882279,85959.73,0.06149,False
1741428882279,85959.73,0.17313,False
1741428882279,85959.73,6e-05,False
1741428882279,85959.73,6e-05,False
1741428882279,85959.73,6e-05,False
1741428882279,85959.73,6e-05,False
1741428882280,85960.02,6e-05,False
1741428882283,85962.89,7e-05,False
1741428882283,85962.89,6e-05,False
1741428882283,85962.89,6e-05,False
1741428882283,85962.89,6e-05,False
1741428882283,85962.89,0.0001,False
1741428882283,85962.89,6e-05,False
1741428882283,85963.03,0.0015,False
1741428882283,85963.12,7e-05,False
1741428882283,85963.12,7e-05,False
1741428882283,85963.12,7e-05,False
1741428882286,85963.13,0.00036,False
1741428882318,85963.13,6e-05,False
1741428882318,85963.13,0.0001,False
1741428882318,85963.13,6e-05,False
1741428882318,85963.13,6e-05,False
1741428882318,85963.13,6e-05,False
1741428882318,85963.13,6e-05,False
1741428882318,85963.13,6e-05,False
1741428882318,85963.13,6e-05,False
1741428882318,85963.13,0.00014,False
1741428882318,85963.13,0.0001,False
1741428882318,85963.13,0.0001,False
1741428882318,85963.13,6e-05,False
1741428882318,85963.13,6e-05,False
1741428882318,85963.13,6e-05,False
1741428882318,85963.13,0.00505,False
1741428882318,85963.13,0.0001,False
1741428882318,85963.13,0.0001,False
1741428882318,85963.13,0.00061,False
1741428882318,85963.13,0.0001,False
1741428882318,85963.13,6e-05,False
1741428882318,85963.13,6e-05,False
1741428882318,85963.13,6e-05,False
1741428882318,85963.14,0.00054,False
1741428882318,85963.14,6e-05,False
1741428882318,85963.14,6e-05,False
1741428882318,85963.16,0.00013,False
1741428882318,85963.16,6e-05,False
1741428882318,85963.16,6e-05,False
1741428882318,85963.24,0.00018,False
1741428882318,85963.24,0.00028,False
1741428882318,85963.24,6e-05,False
1741428882318,85963.24,6e-05,False
1741428882318,85963.71,0.00068,False
1741428882318,85963.71,6e-05,False
1741428882318,85963.71,6e-05,False
1741428882318,85964.3,6e-05,False
1741428882318,85964.31,6e-05,False
1741428882318,85964.46,6e-05,False
1741428882318,85964.83,7e-05,False
1741428882318,85964.83,7e-05,False
1741428882318,85964.83,7e-05,False
1741428882320,85964.84,0.01163,False
1741428882320,85965.23,0.003,False
1741428882320,85965.6,0.00012,False
1741428882320,85966.72,7e-05,False
1741428882320,85966.72,7e-05,False
1741428882320,85966.72,7e-05,False
1741428882320,85966.73,6e-05,False
1741428882320,85966.73,6e-05,False
1741428882320,85967.6,0.00081,False
1741428882323,85967.6,0.0007,False
1741428882323,85967.6,6e-05,False
1741428882323,85967.6,0.0001,False
1741428882323,85967.6,6e-05,False
1741428882323,85967.6,0.0001,False
1741428882323,85967.6,6e-05,False
1741428882323,85967.93,7e-05,False
1741428882323,85967.93,7e-05,False
1741428882323,85967.93,9e-05,False
1741428882323,85967.93,9e-05,False
1741428882323,85967.93,6e-05,False
1741428882323,85967.93,7e-05,False
1741428882342,85967.94,0.00036,False
1741428882342,85967.94,0.00136,False
1741428882342,85967.94,6e-05,False
1741428882342,85967.94,0.00011,False
1741428882342,85967.94,0.00011,False
1741428882342,85967.94,6e-05,False
1741428882342,85967.94,6e-05,False
1741428882342,85967.94,0.0001,False
1741428882342,85967.94,0.0001,False
1741428882342,85967.94,7e-05,False
1741428882342,85967.94,7e-05,False
1741428882342,85967.94,0.0001,False
1741428882342,85967.94,6e-05,False
1741428882342,85967.94,6e-05,False
1741428882342,85967.94,6e-05,False
1741428882342,85967.94,7e-05,False
1741428882342,85967.94,0.00056,False
1741428882342,85967.94,0.00023,False
1741428882342,85967.94,0.00051,False
1741428882342,85967.94,6e-05,False
1741428882342,85967.94,6e-05,False
1741428882342,85967.94,7e-05,False
1741428882342,85967.95,0.00966,False
1741428882627,85967.94,0.0013,True
1741428883703,85967.95,0.0001,False
1741428885232,85967.95,0.00018,False
1741428885946,85967.94,0.00022,True
1741428886835,85967.95,0.01328,False
1741428886835,85967.95,0.00252,False
1741428887370,85967.95,0.00224,False
1741428887504,85967.95,0.00116,False
1741428888163,85967.94,0.00111,True
1741428888878,85967.95,0.00136,False
1741428889241,85967.95,0.00272,False
1741428889241,85967.95,0.00048,False
1741428889241,85967.95,0.00666,False
1741428889241,85967.95,0.0011,False
1741428889241,85967.95,6e-05,False
1741428889241,85967.95,6e-05,False
1741428889241,85967.95,0.00055,False
1741428889241,85967.95,7e-05,False
1741428889241,85967.95,7e-05,False
1741428889241,85967.95,0.00137,False
1741428889241,85967.95,0.00023,False
1741428889241,85967.95,6e-05,False
1741428889241,85967.95,0.00014,False
1741428889241,85967.95,6e-05,False
1741428889241,85967.95,6e-05,False
1741428889241,85967.95,6e-05,False
1741428889241,85967.95,6e-05,False
1741428889241,85967.95,0.00139,False
1741428889241,85967.95,0.00058,False
1741428889241,85967.95,0.0001,False
1741428889241,85967.95,7e-05,False
1741428889241,85967.95,6e-05,False
1741428889241,85967.95,0.01976,False
1741428889241,85967.95,0.0001,False
1741428889241,85967.95,0.0001,False
1741428889241,85967.95,0.001,False
1741428889241,85967.95,0.00179,False
1741428889241,85967.95,7e-05,False
1741428889241,85967.95,6e-05,False
1741428889241,85967.95,6e-05,False
1741428889241,85967.96,0.00139,False
1741428889241,85967.96,0.00475,False
1741428889241,85967.96,0.0007,False
1741428889241,85967.96,6e-05,False
1741428889241,85967.96,6e-05,False
1741428889241,85967.98,6e-05,False
1741428889241,85967.98,6e-05,False
1741428889241,85967.99,6e-05,False
1741428889241,85967.99,6e-05,False
1741428889241,85968.0,6e-05,False
1741428889241,85968.0,6e-05,False
1741428889241,85968.01,0.00014,False
1741428889241,85968.01,6e-05,False
1741428889241,85968.02,6e-05,False
1741428889241,85968.05,6e-05,False
1741428889241,85968.06,0.00013,False
1741428889241,85968.11,0.00013,False
1741428889241,85969.94,0.0001,False
1741428889241,85969.94,0.0001,False
1741428889241,85969.99,7e-05,False
1741428889241,85969.99,7e-05,False
1741428889241,85969.99,7e-05,False
1741428889241,85969.99,7e-05,False
1741428889241,85969.99,7e-05,False
1741428889242,85970.0,0.01163,False
1741428889242,85970.0,6e-05,False
1741428889242,85970.0,6e-05,False
1741428889243,85971.99,7e-05,False
1741428889243,85971.99,7e-05,False
1741428889243,85971.99,7e-05,False
1741428889243,85972.0,6e-05,False
1741428889243,85972.0,6e-05,False
1741428889243,85972.31,8e-05,False
1741428889244,85973.74,7e-05,False
1741428889244,85973.74,7e-05,False
1741428889244,85973.74,0.00011,False
1741428889244,85973.74,7e-05,False
1741428889244,85973.75,7e-05,False
1741428889244,85973.75,7e-05,False
1741428889244,85973.75,7e-05,False
1741428889244,85973.75,7e-05,False
1741428889244,85973.75,7e-05,False
1741428889246,85973.76,0.13753,False
1741428889248,85973.76,0.11687,False
1741428889250,85973.76,6e-05,False
1741428889250,85973.76,6e-05,False
1741428889250,85973.76,0.0001,False
1741428889250,85973.76,0.0001,False
1741428889250,85973.76,0.0001,False
1741428889250,85973.76,6e-05,False
1741428889250,85973.76,6e-05,False
1741428889250,85973.76,6e-05,False
1741428889250,85973.76,6e-05,False
1741428889250,85973.76,6e-05,False
1741428889250,85973.76,0.03345,False
1741428889250,85973.76,6e-05,False
1741428889250,85973.77,7e-05,False
1741428889250,85973.77,7e-05,False
1741428889250,85973.77,0.00029,False
1741428889250,85973.77,0.00019,False
1741428889250,85973.77,7e-05,False
1741428889250,85973.78,6e-05,False
1741428889250,85973.78,6e-05,False
1741428889250,85973.78,6e-05,False
1741428889250,85973.78,6e-05,False
1741428889250,85973.79,0.00029,False
1741428889250,85973.85,7e-05,False
1741428889250,85973.85,7e-05,False
1741428889250,85973.85,7e-05,False
1741428889250,85973.86,0.05719,False
1741428889250,85973.86,6e-05,False
1741428889250,85973.86,6e-05,False
1741428889250,85973.86,6e-05,False
1741428889250,85973.86,6e-05,False
1741428889250,85973.93,6e-05,False
1741428889250,85973.93,6e-05,False
1741428889255,85974.21,7e-05,False
1741428889255,85974.21,6e-05,False
1741428889255,85974.21,0.0001,False
1741428889255,85974.75,6e-05,False
1741428889255,85974.8,7e-05,False
1741428889255,85974.8,7e-05,False
1741428889255,85974.8,7e-05,False
1741428889266,85974.81,6e-05,False
1741428889266,85974.81,6e-05,False
1741428889266,85974.81,6e-05,False
1741428889266,85974.81,6e-05,False
1741428889266,85974.81,6e-05,False
1741428889266,85974.81,6e-05,False
1741428889266,85974.81,6e-05,False
1741428889266,85974.81,0.0001,False
1741428889266,85974.81,6e-05,False
1741428889266,85974.81,6e-05,False
1741428889266,85974.81,6e-05,False
1741428889266,85974.82,0.00076,False
1741428889266,85974.84,6e-05,False
1741428889266,85975.2,7e-05,False
1741428889266,85975.2,7e-05,False
1741428889266,85975.2,6e-05,False
1741428889266,85975.2,6e-05,False
1741428889266,85975.2,7e-05,False
1741428889266,85975.21,0.00385,False
1741428889266,85975.21,6e-05,False
1741428889266,85975.21,6e-05,False
1741428889266,85975.28,0.00145,False
1741428889266,85975.28,6e-05,False
1741428889266,85975.28,6e-05,False
1741428889266,85975.6,9e-05,False
1741428889266,85975.6,6e-05,False
1741428889266,85975.6,6e-05,False
1741428889266,85975.62,7e-05,False
1741428889266,85975.63,6e-05,False
1741428889266,85975.67,0.0001,False
1741428889266,85975.67,0.0001,False
1741428889266,85975.67,6e-05,False
1741428889268,85975.93,0.00012,False
1741428889268,85975.93,6e-05,False
1741428889268,85975.93,0.0001,False
1741428889268,85975.93,0.0001,False
1741428889268,85975.93,6e-05,False
1741428889268,85976.54,7e-05,False
1741428889268,85976.54,7e-05,False
1741428889268,85976.54,7e-05,False
1741428889268,85976.55,0.003,False
1741428889268,85976.77,0.00012,False
1741428889268,85976.95,7e-05,False
1741428889268,85976.95,7e-05,False
1741428889268,85976.95,7e-05,False
1741428889317,85976.96,0.01492,False
1741428889317,85976.96,6e-05,False
1741428889317,85976.96,6e-05,False
1741428889317,85976.96,0.00126,False
1741428889317,85976.96,6e-05,False
1741428889317,85976.96,6e-05,False
1741428889317,85976.96,6e-05,False
1741428889317,85976.96,6e-05,False
1741428889317,85976.96,6e-05,False
1741428889317,85976.96,0.0001,False
1741428889317,85976.96,0.0001,False
1741428889317,85976.96,0.0001,False
1741428889317,85976.96,6e-05,False
1741428889317,85976.97,0.00073,False
1741428889317,85976.97,6e-05,False
1741428889317,85976.97,6e-05,False
1741428889317,85976.99,0.0001,False
1741428889317,85976.99,6e-05,False
1741428889317,85976.99,6e-05,False
1741428889317,85977.5,0.0001,False
1741428889317,85977.5,6e-05,False
1741428889317,85977.5,6e-05,False
1741428889317,85977.57,9e-05,False
1741428889317,85977.57,9e-05,False
1741428889317,85977.57,7e-05,False
1741428889317,85977.57,0.00038,False
1741428889317,85977.57,6e-05,False
1741428889317,85977.57,6e-05,False
1741428889317,85977.94,6e-05,False
1741428889317,85978.13,0.00084,False
1741428889317,85978.13,6e-05,False
1741428889317,85978.14,7e-05,False
1741428889317,85978.14,6e-05,False
1741428889317,85978.66,7e-05,False
1741428889317,85978.66,7e-05,False
1741428889317,85978.66,7e-05,False
1741428889317,85978.67,0.01163,False
1741428889317,85978.74,7e-05,False
1741428889317,85978.74,7e-05,False
1741428889317,85978.74,7e-05,False
1741428889319,85978.75,0.0077,False
1741428889320,85978.75,0.10215,False
1741428889320,85978.75,6e-05,False
1741428889320,85978.75,0.0001,False
1741428889320,85978.75,0.0001,False
1741428889320,85978.75,0.0001,False
1741428889320,85978.75,6e-05,False
1741428889320,85978.75,6e-05,False
1741428889320,85978.99,0.00089,False
1741428889320,85978.99,6e-05,False
1741428889320,85979.57,7e-05,False
1741428889320,85979.57,7e-05,False
1741428889320,85979.57,7e-05,False
1741428889334,85979.58,0.01005,False
1741428889334,85979.58,0.00118,False
1741428889334,85979.58,6e-05,False
1741428889334,85979.58,6e-05,False
1741428889334,85979.58,6e-05,False
1741428889334,85979.58,6e-05,False
1741428889334,85979.58,6e-05,False
1741428889334,85979.58,6e-05,False
1741428889334,85979.58,0.0001,False
1741428889334,85979.58,0.0001,False
1741428889334,85979.58,0.0001,False
1741428889334,85979.58,6e-05,False
1741428889334,85979.58,6e-05,False
1741428889334,85979.59,0.00054,False
1741428889334,85979.59,6e-05,False
1741428889334,85979.59,6e-05,False
1741428889334,85979.61,0.00013,False
1741428889334,85979.61,6e-05,False
1741428889334,85979.61,6e-05,False
1741428889334,85981.5,0.00016,False
1741428889334,85981.5,6e-05,False
1741428889334,85981.5,6e-05,False
1741428889334,85981.57,0.0002,False
1741428889334,85981.57,0.0002,False
1741428889334,85981.57,7e-05,False
1741428889334,85981.57,6e-05,False
1741428889334,85981.57,6e-05,False
1741428889334,85982.22,0.00013,False
1741428889334,85982.22,0.00013,False
1741428889334,85982.22,6e-05,False
1741428889334,85982.57,7e-05,False
1741428889334,85982.57,0.00011,False
1741428889334,85982.57,6e-05,False
1741428889334,85982.74,0.10692,False
1741428889334,85982.74,6e-05,False
1741428889334,85982.96,7e-05,False
1741428889334,85982.96,7e-05,False
1741428889334,85982.96,7e-05,False
1741428889334,85982.97,0.00012,False
1741428889334,85982.97,0.00145,False
1741428889334,85983.08,7e-05,False
1741428889334,85983.08,7e-05,False
1741428889334,85983.08,7e-05,False
1741428889334,85983.09,0.00502,False
1741428889334,85983.82,7e-05,False
1741428889334,85983.82,7e-05,False
1741428889334,85983.82,7e-05,False
1741428889334,85984.0,0.00395,False
1741428889334,85984.08,6e-05,False
1741428889334,85984.29,7e-05,False
1741428889334,85984.29,7e-05,False
1741428889334,85984.29,7e-05,False
1741428889334,85984.3,0.00016,False
1741428889334,85984.3,6e-05,False
1741428889334,85984.3,6e-05,False
1741428889336,85984.56,0.0024,False
1741428889336,85984.56,6e-05,False
1741428889336,85984.56,6e-05,False
1741428889336,85984.71,7e-05,False
1741428889368,85984.56,0.00054,False
1741428889368,85984.56,6e-05,False
1741428889368,85984.56,6e-05,False
1741428889368,85984.56,6e-05,False
1741428889368,85984.56,6e-05,False
1741428889368,85984.56,6e-05,False
1741428889368,85984.56,6e-05,False
1741428889368,85984.56,0.00697,False
1741428889368,85984.56,6e-05,False
1741428889368,85984.56,6e-05,False
1741428889368,85984.56,0.0001,False
1741428889368,85984.56,0.0001,False
1741428889368,85984.56,0.0001,False
1741428889368,85984.56,6e-05,False
1741428889368,85984.56,6e-05,False
1741428889368,85984.56,6e-05,False
1741428889368,85984.56,6e-05,False
1741428889368,85984.56,0.00013,False
1741428889368,85984.56,6e-05,False
1741428889368,85984.56,0.0001,False
1741428889368,85984.56,0.0001,False
1741428889368,85984.56,0.0001,False
1741428889368,85984.56,6e-05,False
1741428889368,85984.56,6e-05,False
1741428889368,85984.57,0.00058,False
1741428889368,85984.57,6e-05,False
1741428889368,85984.57,6e-05,False
1741428889368,85984.57,6e-05,False
1741428889368,85984.57,6e-05,False
1741428889368,85984.57,6e-05,False
1741428889368,85984.57,6e-05,False
1741428889368,85984.59,0.00025,False
1741428889368,85984.59,6e-05,False
1741428889368,85984.59,6e-05,False
1741428889368,85984.7,8e-05,False
1741428889368,85984.7,6e-05,False
1741428889368,85984.7,6e-05,False
1741428889368,85984.71,0.00015,False
1741428889368,85984.71,0.00016,False
1741428889368,85984.71,0.00016,False
1741428889368,85984.71,6e-05,False
1741428889368,85984.71,6e-05,False
1741428889368,85984.72,6e-05,False
1741428889368,85985.14,7e-05,False
1741428889368,85985.14,7e-05,False
1741428889368,85985.14,6e-05,False
1741428889368,85985.14,6e-05,False
1741428889368,85985.14,7e-05,False
1741428889368,85985.15,0.003,False
1741428889368,85985.15,6e-05,False
1741428889368,85985.67,7e-05,False
1741428889368,85985.67,7e-05,False
1741428889368,85985.67,7e-05,False
1741428889368,85986.01,6e-05,False
1741428889919,85986.45,0.01162,False
1741428889919,85986.45,0.00098,False
1741428889919,85986.45,6e-05,False
1741428889919,85986.45,6e-05,False
1741428889919,85986.45,6e-05,False
1741428889919,85986.45,6e-05,False
1741428889919,85986.45,0.00081,False
1741428889919,85986.45,6e-05,False
1741428889919,85986.45,6e-05,False
1741428889919,85986.45,0.00014,False
1741428889919,85986.45,0.00045,False
1741428889919,85986.45,9e-05,False
1741428889919,85986.45,9e-05,False
1741428889919,85986.45,6e-05,False
1741428889919,85986.45,0.0001,False
1741428889919,85986.45,0.0001,False
1741428889919,85986.45,0.0001,False
1741428889919,85986.45,6e-05,False
1741428889919,85986.45,0.01,False
1741428889956,85986.45,6e-05,False
1741428889956,85986.45,0.0001,False
1741428889956,85986.45,0.0001,False
1741428889956,85986.45,0.0001,False
1741428889956,85986.45,6e-05,False
1741428889956,85986.45,6e-05,False
1741428889956,85986.45,6e-05,False
1741428889956,85986.45,6e-05,False
1741428889956,85986.45,6e-05,False
1741428889956,85986.45,6e-05,False
1741428889956,85986.45,0.00014,False
1741428889956,85986.46,0.00052,False
1741428889956,85986.46,6e-05,False
1741428889956,85986.46,6e-05,False
1741428889956,85986.48,0.0001,False
1741428889956,85986.48,6e-05,False
1741428889956,85986.48,6e-05,False
1741428889956,85986.51,0.00013,False
1741428889956,85986.51,6e-05,False
1741428889956,85986.51,6e-05,False
1741428889956,85986.56,0.00014,False
1741428889956,85986.56,6e-05,False
1741428889956,85986.56,6e-05,False
1741428889956,85986.6,6e-05,False
1741428889956,85986.61,0.00013,False
1741428889956,85986.61,6e-05,False
1741428889956,85986.64,6e-05,False
1741428889956,85986.71,7e-05,False
1741428889956,85987.23,0.0001,False
1741428889956,85987.23,7e-05,False
1741428889956,85987.95,0.00012,False
1741428889956,85987.99,7e-05,False
1741428889956,85987.99,7e-05,False
1741428889956,85987.99,0.0015,False
1741428889956,85987.99,7e-05,False
1741428890140,85988.0,0.0004,False
1741428890484,85988.0,6e-05,False
1741428890484,85988.0,0.0001,False
1741428890484,85988.0,0.0001,False
1741428890484,85988.0,0.0001,False
1741428890484,85988.0,6e-05,False
1741428890484,85988.0,6e-05,False
1741428890484,85988.0,6e-05,False
1741428890484,85988.0,6e-05,False
1741428890484,85988.0,6e-05,False
1741428890484,85988.0,6e-05,False
1741428890484,85988.0,0.00013,False
1741428890484,85988.0,6e-05,False
1741428890484,85988.01,0.00053,False
1741428890484,85988.01,6e-05,False
1741428890484,85988.01,6e-05,False
1741428890484,85988.03,7e-05,False
1741428890484,85988.03,6e-05,False
1741428890484,85988.03,6e-05,False
1741428890484,85988.06,0.00014,False
1741428890484,85988.06,6e-05,False
1741428890484,85988.06,6e-05,False
1741428890484,85988.11,0.00014,False
1741428890484,85988.11,6e-05,False
1741428890484,85988.11,6e-05,False
1741428890484,85988.16,0.00013,False
1741428890484,85988.16,6e-05,False
1741428890484,85988.25,6e-05,False
1741428890484,85988.26,6e-05,False
1741428890484,85988.28,7e-05,False
1741428890484,85988.29,9e-05,False
1741428890484,85988.29,9e-05,False
1741428890484,85988.29,9e-05,False
1741428890484,85988.3,7e-05,False
1741428890484,85988.3,7e-05,False
1741428890484,85988.3,8e-05,False
1741428890484,85988.3,8e-05,False
1741428890484,85988.3,0.0015,False
1741428890484,85988.3,7e-05,False
1741428890518,85988.31,0.0001,False
1741428890518,85988.31,0.0001,False
1741428890518,85988.31,0.0001,False
1741428890518,85988.31,6e-05,False
1741428890518,85988.31,6e-05,False
1741428890518,85988.31,6e-05,False
1741428890518,85988.31,6e-05,False
1741428890518,85988.31,6e-05,False
1741428890518,85988.31,6e-05,False
1741428890518,85988.31,0.00062,False
1741428890518,85988.31,6e-05,False
1741428890518,85988.31,6e-05,False
1741428890518,85988.31,6e-05,False
1741428890518,85988.31,6e-05,False
1741428890518,85988.31,6e-05,False
1741428890518,85988.32,0.00051,False
1741428890518,85988.32,6e-05,False
1741428890518,85988.32,6e-05,False
1741428890518,85988.61,6e-05,False
1741428890518,85988.61,6e-05,False
1741428890518,85988.61,6e-05,False
1741428890518,85989.44,0.00012,False
1741428890518,85989.44,6e-05,False
1741428890518,85989.44,6e-05,False
1741428890518,85989.69,7e-05,False
1741428890518,85989.69,7e-05,False
1741428890518,85989.69,7e-05,False
1741428890518,85989.69,6e-05,False
1741428890518,85989.69,6e-05,False
1741428890518,85989.7,0.00014,False
1741428890518,85989.7,7e-05,False
1741428890518,85989.7,7e-05,False
1741428890518,85989.7,6e-05,False
1741428890518,85989.7,7e-05,False
1741428890518,85989.71,0.01162,False
1741428890518,85989.71,6e-05,False
1741428890518,85989.97,0.00021,False
1741428890518,85989.97,6e-05,False
1741428890518,85990.34,6e-05,False
1741428890518,85990.66,0.00145,False
1741428890518,85990.8,0.001,False
1741428890518,85992.45,7e-05,False
1741428890518,85992.45,7e-05,False
1741428890518,85992.45,7e-05,False
1741428890529,85992.46,6e-05,False
1741428890529,85992.46,0.0001,False
1741428890529,85992.46,0.0001,False
1741428890529,85992.46,0.0001,False
1741428890529,85992.46,6e-05,False
1741428890529,85992.46,6e-05,False
1741428890529,85992.46,6e-05,False
1741428890529,85992.46,6e-05,False
1741428890529,85992.46,6e-05,False
1741428890529,85992.46,6e-05,False
1741428890529,85992.46,6e-05,False
1741428890529,85992.47,0.00051,False
1741428890529,85992.47,6e-05,False
1741428890529,85992.47,6e-05,False
1741428890529,85992.49,0.00023,False
1741428890529,85992.49,6e-05,False
1741428890529,85992.49,6e-05,False
1741428890529,85992.63,4e-05,False
1741428890529,85992.63,4e-05,False
1741428890529,85992.63,0.00016,False
1741428890529,85992.63,6e-05,False
1741428890529,85992.63,6e-05,False
1741428890529,85992.64,7e-05,False
1741428890529,85992.64,7e-05,False
1741428890529,85992.64,7e-05,False
1741428890529,85992.64,6e-05,False
1741428890529,85992.64,6e-05,False
1741428890529,85992.64,0.00015,False
1741428890529,85992.64,0.00015,False
1741428890529,85992.64,0.00015,False
1741428890529,85992.64,0.0015,False
1741428890529,85992.64,7e-05,False
1741428891061,85992.64,0.00733,True
1741428891061,85992.64,0.00552,True
1741428891112,85992.65,0.00045,False
1741428891734,85992.64,0.01128,True
1741428891783,85992.64,0.00011,True
1741428892707,85992.65,0.00021,False
1741428893514,85992.64,0.01188,True
1741428894008,85992.65,0.00232,False
1741428894184,85992.65,0.00019,False
1741428894207,85992.65,0.00127,False
1741428894821,85992.64,0.00012,True
1741428894831,85992.65,0.00619,False
1741428894886,85992.65,0.0265,False
1741428894886,85992.65,0.03865,False
1741428894886,85992.65,0.00764,False
1741428894886,85992.65,6e-05,False
1741428894886,85992.65,6e-05,False
1741428894886,85992.65,0.00013,False
1741428894886,85992.65,6e-05,False
1741428894886,85992.65,0.00495,False
1741428894886,85992.65,6e-05,False
1741428894886,85992.65,6e-05,False
1741428894886,85992.65,6e-05,False
1741428894886,85992.65,0.00091,False
1741428894886,85992.65,0.00015,False
1741428894886,85992.65,0.0001,False
1741428894886,85992.65,0.0001,False
1741428894886,85992.65,0.0001,False
1741428894886,85992.65,6e-05,False
1741428894886,85992.65,0.00961,False
1741428894886,85992.65,6e-05,False
1741428894886,85992.66,0.00055,False
1741428894886,85992.66,6e-05,False
1741428894886,85992.66,6e-05,False
1741428894886,85992.71,0.00014,False
1741428894886,85992.71,6e-05,False
1741428894886,85992.71,6e-05,False
1741428894886,85992.74,6e-05,False
1741428894886,85992.74,6e-05,False
1741428894886,85992.75,6e-05,False
1741428894886,85992.75,6e-05,False
1741428894886,85992.76,6e-05,False
1741428894886,85992.76,0.00013,False
1741428894886,85992.78,6e-05,False
1741428894886,85992.79,6e-05,False
1741428894886,85992.8,0.00013,False
1741428894886,85993.99,6e-05,False
1741428894886,85993.99,6e-05,False
1741428894886,85993.99,6e-05,False
1741428894886,85994.86,7e-05,False
1741428894886,85994.86,7e-05,False
1741428894886,85994.86,7e-05,False
1741428894910,85994.87,0.01162,False
1741428894910,85994.87,0.0001,False
1741428894910,85994.87,0.0001,False
1741428894910,85994.87,0.0001,False
1741428894910,85994.87,6e-05,False
1741428894910,85994.87,6e-05,False
1741428894910,85994.87,0.00114,False
1741428894910,85994.87,6e-05,False
1741428894910,85994.87,6e-05,False
1741428894910,85994.87,6e-05,False
1741428894910,85994.87,6e-05,False
1741428894910,85994.87,6e-05,False
1741428894910,85994.87,6e-05,False
1741428894910,85994.88,0.00054,False
1741428894910,85994.88,6e-05,False
1741428894910,85994.88,6e-05,False
1741428894910,85994.9,0.00012,False
1741428894910,85994.9,6e-05,False
1741428894910,85994.9,6e-05,False
1741428894910,85995.54,6e-05,False
1741428894910,85995.54,6e-05,False
1741428894910,85995.54,6e-05,False
1741428894910,85995.86,0.0001,False
1741428894910,85995.86,0.0001,False
1741428894910,85995.86,0.0001,False
1741428894910,85995.86,0.00016,False
1741428894910,85995.86,6e-05,False
1741428894910,85995.86,6e-05,False
1741428894910,85995.87,6e-05,False
1741428894910,85996.0,6e-05,False
1741428894910,85996.41,6e-05,False
1741428894910,85997.0,0.00023,False
1741428894910,85997.03,0.00015,False
1741428894910,85997.03,7e-05,False
1741428894910,85997.03,7e-05,False
1741428894910,85997.03,7e-05,False
1741428894910,85997.03,7e-05,False
1741428894910,85997.03,7e-05,False
1741428894932,85997.04,6e-05,False
1741428894932,85997.04,0.0001,False
1741428894932,85997.04,0.0001,False
1741428894932,85997.04,0.0001,False
1741428894932,85997.04,6e-05,False
1741428894932,85997.04,6e-05,False
1741428894932,85997.04,6e-05,False
1741428894932,85997.04,6e-05,False
1741428894932,85997.04,6e-05,False
1741428894932,85997.04,6e-05,False
1741428894932,85997.04,6e-05,False
1741428894932,85997.04,0.00051,False
1741428894932,85997.04,6e-05,False
1741428894932,85997.04,6e-05,False
1741428894932,85997.04,6e-05,False
1741428894932,85997.04,6e-05,False
1741428894932,85997.05,0.00055,False
1741428894932,85997.05,6e-05,False
1741428894932,85997.05,6e-05,False
1741428894932,85997.07,0.00011,False
1741428894932,85997.07,6e-05,False
1741428894932,85997.07,6e-05,False
1741428894932,85997.27,6e-05,False
1741428894932,85997.27,6e-05,False
1741428894932,85997.27,6e-05,False
1741428894932,85997.99,6e-05,False
1741428894932,85997.99,6e-05,False
1741428894932,85998.35,7e-05,False
1741428894932,85998.35,7e-05,False
1741428894932,85998.35,6e-05,False
1741428894932,85998.35,7e-05,False
1741428894932,85998.36,0.00145,False
1741428894932,85998.36,6e-05,False
1741428894932,85998.79,0.0001,False
1741428894932,85998.79,6e-05,False
1741428894932,85998.91,7e-05,False
1741428894932,85999.13,0.00012,False
1741428894932,85999.81,7e-05,False
1741428894932,85999.81,7e-05,False
1741428894932,85999.81,9e-05,False
1741428894932,85999.81,9e-05,False
1741428894932,85999.81,0.00024,False
1741428894932,85999.81,7e-05,False
1741428894996,85999.82,0.00193,False
1741428895068,85999.82,0.00195,False
1741428895069,85999.82,0.00195,False
1741428895069,85999.82,0.00093,False
1741428895069,85999.82,0.00093,False
1741428895070,85999.82,0.01061,False
1741428895070,85999.82,0.00195,False
1741428895074,85999.82,0.00369,False
1741428895075,85999.82,0.00369,False
1741428895103,85999.82,0.00031,False
1741428895199,85999.82,0.00015,False
1741428895935,85999.81,0.00078,True
1741428896156,85999.82,6e-05,False
1741428896156,85999.82,0.0001,False
1741428896156,85999.82,3e-05,False
1741428897180,85999.82,6e-05,False
1741428897180,85999.82,6e-05,False
1741428897180,85999.82,6e-05,False
1741428897180,85999.82,6e-05,False
1741428897180,85999.82,0.00013,False
1741428897180,85999.82,6e-05,False
1741428897180,85999.82,0.02282,False
1741428897246,85999.81,9e-05,True
1741428897561,85999.81,0.00046,True
1741428897779,85999.81,0.00195,True
1741428897790,85999.82,0.00922,False
1741428897790,85999.82,6e-05,False
1741428897790,85999.82,6e-05,False
1741428897790,85999.82,0.0001,False
1741428897790,85999.82,0.01656,False
1741428897804,85999.82,0.00174,False
1741428898716,85999.82,0.00012,False
1741428899008,85999.81,0.00026,True
1741428899033,85999.81,0.00024,True
1741428899602,85999.82,0.00012,False
1741428899897,85999.81,0.00144,True
1741428900015,85999.81,0.0002,True
1741428900264,85999.81,0.00013,True
1741428900264,85999.81,2e-05,True
1741428900264,85999.81,4e-05,True
1741428900264,85999.81,0.00011,True
1741428900265,85999.81,2e-05,True
1741428900265,85999.81,0.00013,True
1741428900266,85999.81,0.00015,True
1741428900271,85999.81,0.00015,True
1741428900272,85999.81,0.00015,True
1741428900282,85999.81,0.00015,True
1741428900289,85999.81,0.00015,True
1741428900289,85999.81,0.00015,True
1741428900292,85999.81,0.00014,True
1741428900293,85999.81,0.0063,True
1741428900293,85999.81,0.05014,True
1741428900295,85999.81,0.00015,True
1741428900295,85999.81,0.00015,True
1741428900297,85999.81,0.00015,True
1741428900299,85999.81,0.00015,True
1741428900496,85999.81,0.00015,True
1741428900498,85999.81,0.00015,True
1741428900498,85999.81,0.00015,True
1741428900501,85999.81,0.00015,True
1741428900503,85999.81,0.00015,True
1741428900511,85999.81,0.00015,True
1741428900512,85999.81,0.00015,True
1741428900512,85999.81,0.00015,True
1741428900512,85999.81,0.00015,True
1741428900513,85999.81,0.00015,True
1741428900516,85999.81,0.0002,True
1741428900517,85999.81,0.00015,True
1741428900517,85999.81,0.00015,True
1741428900519,85999.81,0.00015,True
1741428900520,85999.81,0.00015,True
1741428900522,85999.81,0.00015,True
1741428900523,85999.81,0.00015,True
1741428900530,85999.81,0.00015,True
1741428900534,85999.81,0.00015,True
1741428900535,85999.81,0.00015,True
1741428900535,85999.82,0.01465,False
1741428900537,85999.81,0.00015,True
1741428900538,85999.81,0.00015,True
1741428900546,85999.81,0.00015,True
1741428900547,85999.81,0.05576,True
1741428900547,85999.81,0.00239,True
1741428900549,85999.81,0.00015,True
1741428900549,85999.81,0.00015,True
1741428900549,85999.81,0.00015,True
1741428900550,85999.81,0.00014,True
1741428900551,85999.81,0.00015,True
1741428900553,85999.81,0.00015,True
1741428900554,85999.81,0.00015,True
1741428900555,85999.81,0.00015,True
1741428900560,85999.81,0.00015,True
1741428900560,85999.81,0.00015,True
1741428900562,85999.81,0.00015,True
1741428900562,85999.81,0.00015,True
1741428900562,85999.81,0.00015,True
1741428900562,85999.81,0.00015,True
1741428900564,85999.81,0.00015,True
1741428900565,85999.81,0.00015,True
1741428900566,85999.81,0.00015,True
1741428900566,85999.81,0.00011,True
1741428900566,85999.81,4e-05,True
1741428900569,85999.81,0.00015,True
1741428900574,85999.81,0.00015,True
1741428900575,85999.81,0.00015,True
1741428900579,85999.81,0.00015,True
1741428900581,85999.81,8e-05,True
1741428900590,85999.81,0.0015,True
1741428900590,85999.81,6e-05,True
1741428900590,85999.81,6e-05,True
1741428900590,85999.81,0.00058,True
1741428900590,85999.81,0.00079,True
1741428900590,85999.81,0.00018,True
1741428900590,85999.81,0.00047,True
1741428900590,85999.81,0.00308,True
1741428900590,85999.81,0.00321,True
1741428900590,85999.81,0.00014,True
1741428900590,85999.81,6e-05,True
1741428900590,85999.81,0.00017,True
1741428900590,85999.81,6e-05,True
1741428900590,85999.81,6e-05,True
1741428900590,85999.81,0.00747,True
1741428900590,85999.81,6e-05,True
1741428900590,85999.81,0.00014,True
1741428900590,85999.81,0.00014,True
1741428900590,85999.81,0.0001,True
1741428900590,85999.81,0.0001,True
1741428900590,85999.81,0.0001,True
1741428900590,85999.81,6e-05,True
1741428900590,85999.81,0.00014,True
1741428900590,85999.81,0.00026,True
1741428900590,85999.81,0.00015,True
1741428900590,85999.81,0.00024,True
1741428900590,85999.81,0.00015,True
1741428900590,85999.81,6e-05,True
1741428900590,85999.8,6e-05,True
1741428900590,85999.8,6e-05,True
1741428900590,85999.74,6e-05,True
1741428900590,85999.74,6e-05,True
1741428900590,85999.66,0.00014,True
1741428900590,85999.66,6e-05,True
1741428900590,85999.66,6e-05,True
1741428900590,85999.31,6e-05,True
1741428900590,85999.31,6e-05,True
1741428900590,85999.28,6e-05,True
1741428900590,85999.27,6e-05,True
1741428900590,85999.02,6e-05,True
1741428900590,85999.02,6e-05,True
1741428900590,85998.11,7e-05,True
1741428900590,85998.11,7e-05,True
1741428900590,85998.11,7e-05,True
1741428900884,85998.1,0.0024,True
1741428900894,85998.1,0.0068,True
1741428900895,85998.1,0.00242,True
1741428900895,85998.1,0.0001,True
1741428900895,85998.1,0.0001,True
1741428900895,85998.1,0.1,True
1741428900895,85998.1,0.0001,True
1741428900895,85998.1,6e-05,True
1741428900895,85998.1,6e-05,True
1741428900895,85998.1,6e-05,True
1741428900895,85998.1,6e-05,True
1741428900895,85998.1,6e-05,True
1741428900895,85998.1,6e-05,True
1741428900895,85998.1,0.00014,True
1741428900895,85998.1,0.00014,True
1741428900895,85997.99,0.00014,True
1741428900895,85997.99,6e-05,True
1741428900895,85997.99,6e-05,True
1741428900895,85997.95,0.00013,True
1741428900895,85997.95,6e-05,True
1741428900895,85997.95,6e-05,True
1741428900895,85997.28,6e-05,True
1741428900895,85997.28,6e-05,True
1741428900895,85997.28,6e-05,True
1741428900895,85997.0,0.001,True
1741428900895,85997.0,6e-05,True
1741428900895,85997.0,6e-05,True
1741428900895,85996.42,6e-05,True
1741428900895,85996.42,6e-05,True
1741428900895,85995.84,6e-05,True
1741428900895,85995.84,6e-05,True
1741428900895,85995.84,6e-05,True
1741428900895,85995.84,6e-05,True
1741428900895,85995.55,6e-05,True
1741428900895,85995.55,6e-05,True
1741428900895,85995.08,7e-05,True
1741428900895,85995.08,7e-05,True
1741428900895,85995.08,7e-05,True
1741428900898,85995.07,0.01008,True
1741428900898,85995.07,0.0001,True
1741428900898,85995.07,0.0001,True
1741428900898,85995.07,0.0001,True
1741428900898,85995.07,6e-05,True
1741428900898,85995.07,6e-05,True
1741428900898,85994.7,7e-05,True
1741428900898,85994.7,7e-05,True
1741428900898,85994.7,7e-05,True
1741428900898,85994.69,0.09669,True
1741428900899,85994.69,0.00048,True
1741428900899,85994.69,6e-05,True
1741428900899,85994.69,6e-05,True
1741428900899,85994.69,6e-05,True
1741428900899,85994.64,0.01011,True
1741428900899,85994.64,6e-05,True
1741428900899,85994.64,6e-05,True
1741428900903,85994.64,6e-05,True
1741428900903,85994.64,6e-05,True
1741428900903,85994.64,0.003,True
1741428900903,85994.01,7e-05,True
1741428900903,85994.01,7e-05,True
1741428900903,85994.01,7e-05,True
1741428900903,85993.58,7e-05,True
1741428900903,85993.58,7e-05,True
1741428900903,85993.58,7e-05,True
1741428900903,85993.57,0.01013,True
1741428900903,85993.57,6e-05,True
1741428900903,85993.57,6e-05,True
1741428900903,85993.55,7e-05,True
1741428900903,85993.55,6e-05,True
1741428900903,85992.95,7e-05,True
1741428900903,85992.95,7e-05,True
1741428900903,85992.95,7e-05,True
1741428900903,85992.94,0.01162,True
1741428900903,85992.94,6e-05,True
1741428900903,85992.64,0.00043,True
1741428900903,85992.64,0.00605,True
1741428900903,85992.64,6e-05,True
1741428900903,85992.01,7e-05,True
1741428900903,85992.01,7e-05,True
1741428900903,85992.01,7e-05,True
1741428900903,85991.21,0.00128,True
1741428900909,85991.21,0.00172,True
1741428900909,85991.21,6e-05,True
1741428900909,85991.21,0.0001,True
1741428900909,85991.01,7e-05,True
1741428900909,85991.01,7e-05,True
1741428900909,85991.01,7e-05,True
1741428900909,85991.0,0.00151,True
1741428900909,85991.0,6e-05,True
1741428900910,85991.0,6e-05,True
1741428900910,85990.43,7e-05,True
1741428900910,85990.43,7e-05,True
1741428900910,85990.43,0.0015,True
1741428900910,85990.43,7e-05,True
1741428900910,85990.42,0.003,True
1741428900910,85990.01,7e-05,True
1741428900910,85990.01,7e-05,True
1741428900910,85990.01,7e-05,True
1741428900910,85990.0,6e-05,True
1741428900910,85989.08,0.00012,True
1741428900910,85989.08,6e-05,True
1741428900913,85988.42,6e-05,True
1741428900913,85988.42,6e-05,True
1741428900913,85988.01,7e-05,True
1741428900913,85988.01,7e-05,True
1741428900913,85988.01,7e-05,True
1741428900913,85987.98,0.00275,True
1741428900914,85987.98,0.00222,True
1741428901021,85987.98,0.0002,True
1741428901352,85987.99,0.0041,False
1741428901518,85987.98,0.0002,True
1741428902044,85987.99,0.0001,False
1741428902447,85987.98,0.00016,True
1741428902522,85987.98,0.0002,True
1741428903046,85987.98,0.00302,True
1741428903046,85987.98,6e-05,True
1741428903046,85987.98,6e-05,True
1741428903046,85987.98,6e-05,True
1741428903046,85987.98,0.00795,True
1741428903441,85987.98,8e-05,True
1741428903523,85987.98,0.0002,True
1741428903630,85987.99,6e-05,False
1741428903630,85987.99,6e-05,False
1741428903630,85987.99,6e-05,False
1741428903630,85987.99,0.00013,False
1741428903630,85987.99,6e-05,False
1741428903630,85987.99,6e-05,False
1741428903630,85987.99,0.00014,False
1741428903630,85987.99,0.00058,False
1741428903630,85987.99,6e-05,False
1741428903630,85987.99,0.0001,False
1741428903630,85987.99,0.0001,False
1741428903630,85987.99,0.0001,False
1741428903630,85987.99,6e-05,False
1741428903630,85987.99,6e-05,False
1741428903630,85988.0,6e-05,False
1741428903630,85988.0,6e-05,False
1741428903630,85988.0,0.00052,False
1741428903630,85988.01,6e-05,False
1741428903630,85988.01,6e-05,False
1741428903630,85988.02,0.00014,False
1741428903630,85988.02,6e-05,False
1741428903630,85988.02,6e-05,False
1741428903630,85988.06,6e-05,False
1741428903630,85988.06,6e-05,False
1741428903630,85988.07,6e-05,False
1741428903630,85988.08,6e-05,False
1741428903630,85988.09,0.00014,False
1741428903630,85988.09,6e-05,False
1741428903630,85988.14,0.00014,False
1741428903630,85988.61,6e-05,False
1741428903630,85989.69,7e-05,False
1741428903630,85989.69,7e-05,False
1741428903630,85989.69,7e-05,False
1741428903716,85989.7,0.01162,False
1741428903716,85989.7,6e-05,False
1741428903716,85989.7,0.0001,False
1741428903716,85989.7,0.00902,False
1741428903716,85989.7,0.0001,False
1741428903716,85989.7,0.0001,False
1741428903716,85989.7,6e-05,False
1741428903716,85989.7,6e-05,False
1741428903716,85989.7,0.00108,False
1741428903716,85989.7,0.00106,False
1741428903716,85989.7,6e-05,False
1741428903716,85989.7,6e-05,False
1741428903716,85989.7,6e-05,False
1741428903716,85989.7,6e-05,False
1741428903716,85989.7,6e-05,False
1741428903716,85989.71,0.00053,False
1741428903716,85989.71,6e-05,False
1741428903716,85989.71,6e-05,False
1741428903716,85989.99,7e-05,False
1741428903716,85989.99,7e-05,False
1741428903716,85989.99,6e-05,False
1741428903716,85989.99,6e-05,False
1741428903716,85989.99,7e-05,False
1741428903716,85990.0,0.014,False
1741428903716,85990.0,6e-05,False
1741428903716,85990.0,6e-05,False
1741428903716,85990.0,6e-05,False
1741428903716,85990.0,6e-05,False
1741428903716,85990.34,6e-05,False
1741428903716,85990.34,6e-05,False
1741428903716,85991.24,8e-05,False
1741428903716,85991.24,6e-05,False
1741428903716,85991.52,7e-05,False
1741428903716,85991.52,7e-05,False
1741428903716,85991.52,6e-05,False
1741428903716,85991.52,7e-05,False
1741428903743,85991.53,0.00011,False
1741428903880,85991.53,0.00087,False
1741428904516,85991.53,0.0001,False
1741428904516,85991.53,6e-05,False
1741428904516,85991.53,6e-05,False
1741428904516,85991.53,6e-05,False
1741428904516,85991.53,6e-05,False
1741428904516,85991.53,6e-05,False
1741428904516,85991.53,6e-05,False
1741428904516,85991.53,6e-05,False
1741428904516,85991.53,0.00011,False
1741428904516,85991.53,6e-05,False
1741428904516,85991.53,0.00014,False
1741428904516,85991.53,6e-05,False
1741428904516,85991.53,6e-05,False
1741428904516,85991.53,0.0001,False
1741428904516,85991.53,0.0001,False
1741428904516,85991.53,0.0001,False
1741428904516,85991.53,0.0001,False
1741428904516,85991.53,0.0001,False
1741428904516,85991.53,0.0001,False
1741428904516,85991.53,0.0001,False
1741428904516,85991.53,6e-05,False
1741428904516,85991.53,0.00055,False
1741428904516,85991.53,6e-05,False
1741428904516,85991.53,6e-05,False
1741428904516,85991.53,6e-05,False
1741428904516,85991.54,6e-05,False
1741428904516,85991.54,6e-05,False
1741428904516,85991.54,0.00057,False
1741428904516,85991.55,6e-05,False
1741428904516,85991.55,6e-05,False
1741428904516,85991.56,6e-05,False
1741428904516,85991.56,6e-05,False
1741428904516,85991.59,6e-05,False
1741428904516,85991.59,6e-05,False
1741428904516,85991.6,6e-05,False
1741428904516,85991.62,6e-05,False
1741428904516,85991.63,6e-05,False
1741428904516,85992.08,6e-05,False
1741428904516,85993.99,9e-05,False
1741428904516,85993.99,9e-05,False
1741428904516,85994.0,0.0001,False
1741428904516,85994.0,0.0001,False
1741428904516,85994.67,6e-05,False
1741428904516,85994.85,7e-05,False
1741428904516,85994.85,7e-05,False
1741428904516,85994.85,7e-05,False
1741428904516,85994.86,0.01162,False
1741428904516,85995.72,7e-05,False
1741428904516,85995.72,7e-05,False
1741428904516,85995.72,7e-05,False
1741428904725,85995.73,6e-05,False
1741428904725,85995.73,6e-05,False
1741428904725,85995.73,0.00014,False
1741428904725,85995.73,6e-05,False
1741428904725,85995.73,6e-05,False
1741428904725,85995.73,6e-05,False
1741428904725,85995.73,0.0001,False
1741428904725,85995.73,6e-05,False
1741428904725,85995.73,0.0001,False
1741428904725,85995.73,0.0001,False
1741428904725,85995.73,0.0001,False
1741428904725,85995.73,0.00132,False
1741428904725,85995.74,0.00053,False
1741428904725,85995.74,6e-05,False
1741428904725,85995.74,6e-05,False
1741428904725,85995.76,0.00014,False
1741428904725,85995.76,6e-05,False
1741428904725,85995.76,6e-05,False
1741428904725,85995.8,6e-05,False
1741428904725,85995.8,6e-05,False
1741428904725,85995.81,6e-05,False
1741428904725,85995.81,6e-05,False
1741428904725,85995.83,0.00014,False
1741428904725,85995.83,6e-05,False
1741428904725,85995.88,0.00013,False
1741428904725,85995.88,1e-05,False
1741428904725,85995.88,6e-05,False
1741428904725,85995.99,6e-05,False
1741428904725,85996.41,6e-05,False
1741428904725,85997.27,6e-05,False
1741428904725,85997.55,8e-05,False
1741428904725,85997.55,8e-05,False
1741428904725,85997.55,8e-05,False
1741428904725,85997.99,7e-05,False
1741428904725,85997.99,7e-05,False
1741428904725,85997.99,0.0015,False
1741428904725,85997.99,7e-05,False
1741428904725,85998.36,0.00151,False
1741428904725,85998.39,7e-05,False
1741428904725,85998.39,7e-05,False
1741428904725,85998.39,7e-05,False
1741428904786,85998.4,0.01162,False
1741428904786,85998.4,6e-05,False
1741428904786,85998.4,6e-05,False
1741428904786,85998.4,6e-05,False
1741428904786,85998.4,6e-05,False
1741428904786,85998.4,6e-05,False
1741428904786,85998.4,6e-05,False
1741428904786,85998.4,6e-05,False
1741428904786,85998.4,0.00112,False
1741428904786,85998.4,0.0001,False
1741428904786,85998.4,0.0001,False
1741428904786,85998.4,0.0001,False
1741428904786,85998.4,6e-05,False
1741428904786,85998.41,0.00058,False
1741428904786,85998.41,6e-05,False
1741428904786,85998.41,6e-05,False
1741428904786,85998.43,6e-05,False
1741428904786,85998.43,6e-05,False
1741428904786,85998.43,6e-05,False
1741428904786,85998.55,0.00013,False
1741428904786,85998.55,6e-05,False
1741428904786,85998.55,6e-05,False
1741428904786,85999.01,6e-05,False
1741428904786,85999.01,6e-05,False
1741428904786,85999.01,6e-05,False
1741428904786,85999.13,0.00012,False
1741428904786,85999.13,6e-05,False
1741428904786,85999.87,6e-05,False
1741428904786,85999.93,0.00012,False
1741428904786,85999.93,0.00012,False
1741428904786,85999.93,0.00012,False
1741428904786,85999.93,6e-05,False
1741428904786,86000.0,0.00018,False
1741428904786,86000.0,9e-05,False
1741428904786,86000.71,7e-05,False
1741428904786,86000.71,7e-05,False
1741428904786,86000.71,7e-05,False
1741428904800,86000.72,0.0001,False
1741428904800,86000.72,6e-05,False
1741428904800,86000.72,0.0001,False
1741428904800,86000.72,0.0001,False
1741428904800,86000.72,6e-05,False
1741428904800,86000.72,6e-05,False
1741428904800,86000.72,6e-05,False
1741428904800,86000.72,6e-05,False
1741428904800,86000.72,6e-05,False
1741428904800,86000.72,6e-05,False
1741428904800,86000.72,0.00078,False
1741428904800,86000.72,0.00056,False
1741428904800,86000.72,6e-05,False
1741428904800,86000.73,0.00056,False
1741428904800,86000.73,6e-05,False
1741428904800,86000.73,6e-05,False
1741428904800,86000.75,0.00012,False
1741428904800,86000.75,0.00013,False
1741428904800,86000.75,6e-05,False
1741428904800,86000.75,6e-05,False
1741428904800,86001.76,0.001,False
1741428904800,86001.99,6e-05,False
1741428904800,86001.99,6e-05,False
1741428904800,86002.59,0.00013,False
1741428904800,86002.59,0.00013,False
1741428904800,86002.59,0.00013,False
1741428904800,86002.59,6e-05,False
1741428904800,86002.59,6e-05,False
1741428904800,86002.67,7e-05,False
1741428904800,86002.67,7e-05,False
1741428904800,86002.67,7e-05,False
1741428904933,86002.68,6e-05,False
1741428904933,86002.68,6e-05,False
1741428904933,86002.68,6e-05,False
1741428904933,86002.68,6e-05,False
1741428904933,86002.68,6e-05,False
1741428904933,86002.68,6e-05,False
1741428904933,86002.68,6e-05,False
1741428904933,86002.68,0.00541,False
1741428904933,86002.68,0.0001,False
1741428904933,86002.68,0.0001,False
1741428904933,86002.68,0.0001,False
1741428904933,86002.68,0.00061,False
1741428904933,86002.68,0.00014,False
1741428904933,86002.68,6e-05,False
1741428904933,86002.69,0.00051,False
1741428904933,86002.69,6e-05,False
1741428904933,86002.69,6e-05,False
1741428904933,86002.71,0.0001,False
1741428904933,86002.71,6e-05,False
1741428904933,86002.71,6e-05,False
1741428904933,86002.75,6e-05,False
1741428904933,86002.75,6e-05,False
1741428904933,86002.76,6e-05,False
1741428904933,86002.76,6e-05,False
1741428904933,86003.1,6e-05,False
1741428904933,86003.11,9e-05,False
1741428904933,86003.11,6e-05,False
1741428904933,86003.34,6e-05,False
1741428904933,86003.34,6e-05,False
1741428904933,86003.81,7e-05,False
1741428904933,86003.81,7e-05,False
1741428904933,86003.81,9e-05,False
1741428904933,86003.81,8e-05,False
1741428904933,86003.81,7e-05,False
1741428904936,86003.82,6e-05,False
1741428904936,86003.82,0.0001,False
1741428904936,86003.82,0.0001,False
1741428904936,86003.82,0.0001,False
1741428904936,86003.82,6e-05,False
1741428904936,86003.82,6e-05,False
1741428904936,86004.2,6e-05,False
1741428904936,86004.38,7e-05,False
1741428904936,86004.38,7e-05,False
1741428904936,86004.38,0.0015,False
1741428904936,86004.38,7e-05,False
1741428904960,86004.39,0.01162,False
1741428904960,86004.39,6e-05,False
1741428904960,86004.39,0.0001,False
1741428904960,86004.39,0.0001,False
1741428904960,86004.39,0.0001,False
1741428904960,86004.39,6e-05,False
1741428904960,86004.39,6e-05,False
1741428904960,86004.39,6e-05,False
1741428904960,86004.39,0.00138,False
1741428904960,86004.39,6e-05,False
1741428904960,86004.39,6e-05,False
1741428904960,86004.39,6e-05,False
1741428904960,86004.39,6e-05,False
1741428904960,86004.39,6e-05,False
1741428904960,86004.39,6e-05,False
1741428904960,86004.4,0.00055,False
1741428904960,86004.4,6e-05,False
1741428904960,86004.4,6e-05,False
1741428904960,86004.42,8e-05,False
1741428904960,86004.42,6e-05,False
1741428904960,86004.42,6e-05,False
1741428904960,86004.99,0.00019,False
1741428904960,86004.99,6e-05,False
1741428904960,86004.99,6e-05,False
1741428904960,86005.06,0.00013,False
1741428904960,86005.06,7e-05,False
1741428904960,86005.06,0.00013,False
1741428904960,86005.06,0.00013,False
1741428904960,86005.06,6e-05,False
1741428904960,86005.06,6e-05,False
1741428904960,86005.07,0.00023,False
1741428904960,86005.07,6e-05,False
1741428904960,86005.07,7e-05,False
1741428904960,86005.07,7e-05,False
1741428904960,86005.07,6e-05,False
1741428904960,86005.07,7e-05,False
1741428904960,86005.08,0.00666,False
1741428904960,86005.08,6e-05,False
1741428904960,86005.13,0.00011,False
1741428904960,86005.13,6e-05,False
1741428904960,86005.14,7e-05,False
1741428904960,86005.14,7e-05,False
1741428904960,86005.14,9e-05,False
1741428904960,86005.14,7e-05,False
1741428905016,86005.15,6e-05,False
1741428905016,86005.15,6e-05,False
1741428905016,86005.15,6e-05,False
1741428905016,86005.15,6e-05,False
1741428905016,86005.15,6e-05,False
1741428905016,86005.15,6e-05,False
1741428905016,86005.15,0.0001,False
1741428905016,86005.15,0.0001,False
1741428905016,86005.15,0.0001,False
1741428905016,86005.15,6e-05,False
1741428905016,86005.15,0.00054,False
1741428905016,86005.15,6e-05,False
1741428905016,86005.16,0.00056,False
1741428905016,86005.16,6e-05,False
1741428905016,86005.16,6e-05,False
1741428905016,86005.18,7e-05,False
1741428905016,86005.18,7e-05,False
1741428905016,86005.18,6e-05,False
1741428905016,86005.18,6e-05,False
1741428905016,86005.18,0.00014,False
1741428905016,86005.18,7e-05,False
1741428905016,86005.19,0.003,False
1741428905016,86005.19,6e-05,False
1741428905016,86005.19,6e-05,False
1741428905016,86005.94,6e-05,False
1741428905016,86005.94,6e-05,False
1741428905016,86005.94,6e-05,False
1741428905016,86005.96,0.00012,False
1741428905016,86005.96,6e-05,False
1741428905016,86006.06,0.00145,False
1741428905016,86006.06,6e-05,False
1741428905016,86006.95,6e-05,False
1741428905016,86007.13,0.00011,False
1741428905016,86007.91,0.00017,False
1741428905016,86008.13,0.00012,False
1741428905016,86009.23,7e-05,False
1741428905016,86009.23,7e-05,False
1741428905016,86009.23,7e-05,False
1741428905192,86009.24,0.0001,False
1741428905192,86009.24,0.0001,False
1741428905192,86009.24,0.0001,False
1741428905192,86009.24,0.02295,False
1741428905192,86009.24,0.01,False
1741428905197,86009.24,0.09945,False
1741428905197,86009.24,0.00937,False
1741428905197,86009.24,0.01292,False
1741428905197,86009.24,6e-05,False
1741428905197,86009.24,6e-05,False
1741428905197,86009.24,6e-05,False
1741428905197,86009.24,6e-05,False
1741428905197,86009.24,6e-05,False
1741428905197,86009.24,0.00014,False
1741428905197,86009.24,6e-05,False
1741428905197,86009.24,0.0001,False
1741428905197,86009.24,0.0001,False
1741428905197,86009.24,0.0001,False
1741428905197,86009.25,0.00053,False
1741428905197,86009.25,6e-05,False
1741428905197,86009.25,6e-05,False
1741428905197,86009.27,0.00025,False
1741428905197,86009.27,6e-05,False
1741428905197,86009.27,6e-05,False
1741428905197,86009.34,0.00013,False
1741428905197,86009.34,6e-05,False
1741428905197,86009.34,6e-05,False
1741428905197,86009.39,0.00014,False
1741428905197,86009.39,6e-05,False
1741428905197,86009.39,6e-05,False
1741428905197,86009.42,7e-05,False
1741428905197,86009.42,7e-05,False
1741428905197,86009.42,6e-05,False
1741428905197,86009.42,7e-05,False
1741428905199,86009.43,0.01012,False
1741428905199,86009.43,6e-05,False
1741428905199,86009.43,0.0001,False
1741428905199,86009.43,0.0001,False
1741428905199,86009.43,0.0001,False
1741428905199,86009.85,0.00024,False
1741428905199,86009.85,0.00024,False
1741428905199,86009.85,0.00024,False
1741428905199,86009.85,6e-05,False
1741428905199,86010.31,0.00012,False
1741428905199,86011.34,7e-05,False
1741428905199,86011.8,0.0002,False
1741428905199,86011.83,0.00022,False
1741428905199,86011.96,7e-05,False
1741428905199,86011.96,7e-05,False
1741428905199,86011.96,8e-05,False
1741428905199,86011.96,8e-05,False
1741428905199,86011.96,7e-05,False
1741428905199,86012.0,6e-05,False
1741428905199,86012.0,6e-05,False
1741428905199,86012.25,0.003,False
1741428906253,86013.46,6e-05,False
1741428906253,86013.46,6e-05,False
1741428906253,86013.46,5e-05,False
1741428907108,86013.45,0.00512,True
1741428907108,86013.45,0.04138,True
1741428907217,86013.45,0.00026,True
1741428907489,86013.46,0.00013,False
1741428907489,86013.46,0.00018,False
1741428907489,86013.46,0.00018,False
1741428907489,86013.46,6e-05,False
