timestamp,price,volume,is_ask
1741432001284,86088.0,0.0006,False
1741432001385,86088.0,0.00012,False
1741432001964,86087.99,0.0002,True
1741432002963,86087.99,0.0002,True
1741432003704,86088.0,0.00012,False
1741432003808,86087.99,0.00077,True
1741432003862,86088.0,0.00206,False
1741432003863,86088.0,0.00102,False
1741432004389,86088.0,0.00092,False
1741432004389,86088.0,6e-05,False
1741432004389,86088.0,6e-05,False
1741432004389,86088.0,6e-05,False
1741432004389,86088.0,6e-05,False
1741432004389,86088.0,0.00013,False
1741432004389,86088.0,6e-05,False
1741432004389,86088.0,6e-05,False
1741432004389,86088.0,6e-05,False
1741432004389,86088.0,0.04095,False
1741432004554,86087.99,0.00146,True
1741432005171,86088.0,0.0002,False
1741432005703,86088.0,0.03235,False
1741432005703,86088.0,0.00016,False
1741432005703,86088.0,0.00028,False
1741432005703,86088.0,0.02195,False
1741432005735,86088.0,0.00118,False
1741432005873,86087.99,6e-05,True
1741432006203,86088.0,0.00013,False
1741432006678,86087.99,0.02435,True
1741432006679,86087.99,0.0151,True
1741432006679,86087.99,0.00349,True
1741432006680,86087.99,0.01162,True
1741432006681,86087.99,0.01165,True
1741432006681,86087.99,0.00058,True
1741432006681,86087.99,0.00049,True
1741432006681,86087.99,0.00014,True
1741432006681,86087.99,6e-05,True
1741432006681,86087.99,6e-05,True
1741432006681,86087.99,6e-05,True
1741432006681,86087.99,6e-05,True
1741432006681,86087.99,6e-05,True
1741432006681,86087.99,0.00192,True
1741432006681,86087.99,0.00306,True
1741432006681,86087.99,6e-05,True
1741432006681,86087.99,0.00085,True
1741432006681,86087.99,0.00014,True
1741432006681,86087.99,0.00985,True
1741432006692,86087.99,0.00025,True
1741432006756,86087.99,0.04129,True
1741432006807,86088.0,0.0199,False
1741432006976,86087.99,7e-05,True
1741432006976,86087.99,0.00013,True
1741432007389,86087.99,0.00098,True
1741432007671,86087.99,0.00059,True
1741432008591,86088.0,0.00809,False
1741432008678,86088.0,0.00034,False
1741432009924,86088.0,0.01462,False
1741432010729,86088.0,0.00029,False
1741432011613,86088.0,0.00011,False
1741432011902,86088.0,0.00052,False
1741432012728,86087.99,0.0013,True
1741432012728,86087.99,0.00015,True
1741432012728,86087.99,0.00551,True
1741432013329,86087.99,0.00012,True
1741432014429,86088.0,0.0001,False
1741432014832,86087.99,0.00011,True
1741432015090,86088.0,0.00014,False
1741432015152,86088.0,0.0006,False
1741432015260,86088.0,0.00113,False
1741432015506,86087.99,0.00014,True
1741432015555,86087.99,0.01828,True
1741432015621,86087.99,0.00043,True
1741432015703,86088.0,0.0487,False
1741432015703,86088.0,0.01327,False
1741432015894,86087.99,0.00043,True
1741432015896,86087.99,0.00043,True
1741432015897,86087.99,0.00014,True
1741432016096,86087.99,0.00043,True
1741432016100,86087.99,0.00043,True
1741432016136,86088.0,0.00273,False
1741432016136,86088.0,0.0038,False
1741432016521,86087.99,0.00026,True
1741432016826,86087.99,0.00024,True
1741432016832,86087.99,0.00012,True
1741432017320,86087.99,0.00012,True
1741432017839,86088.0,0.00023,False
1741432018014,86087.99,0.00038,True
1741432018581,86087.99,0.00154,True
1741432018634,86087.99,0.00012,True
1741432018690,86087.99,0.0012,True
1741432018696,86087.99,0.00014,True
1741432018796,86087.99,0.00013,True
1741432018799,86087.99,0.00013,True
1741432018961,86088.0,0.11616,False
1741432019014,86087.99,0.00283,True
1741432019016,86087.99,0.0085,True
1741432019021,86087.99,7e-05,True
1741432019027,86087.99,0.00283,True
1741432019028,86087.99,0.00567,True
1741432019029,86087.99,0.00554,True
1741432019083,86087.99,0.00013,True
1741432019542,86087.99,0.00029,True
1741432019748,86088.0,0.00017,False
1741432019867,86088.0,0.00597,False
1741432019871,86088.0,6e-05,False
1741432019905,86088.0,0.00161,False
1741432019906,86088.0,0.00352,False
1741432019915,86088.0,0.00266,False
1741432019916,86088.0,0.00093,False
1741432019919,86088.0,0.00196,False
1741432019920,86088.0,0.00093,False
1741432019920,86088.0,0.0019,False
1741432020147,86087.99,0.00031,True
1741432020420,86087.99,9e-05,True
1741432020529,86087.99,0.01149,True
1741432020701,86087.99,0.00013,True
1741432020736,86087.99,0.00012,True
1741432020908,86088.0,0.00015,False
1741432021426,86087.99,0.00033,True
1741432021582,86088.0,0.00104,False
1741432021815,86088.0,0.00041,False
1741432022037,86088.0,0.0006,False
1741432022562,86087.99,0.00021,True
1741432022634,86087.99,0.00012,True
1741432023137,86088.0,0.00061,False
1741432023498,86087.99,0.00013,True
1741432023508,86088.0,0.00439,False
1741432023956,86087.99,0.00118,True
1741432024237,86088.0,0.00227,False
1741432024237,86088.0,0.00462,False
1741432024515,86087.99,0.00024,True
1741432024516,86087.99,0.00024,True
1741432024517,86087.99,0.0235,True
1741432024518,86087.99,0.00175,True
1741432024518,86087.99,0.00088,True
1741432024518,86087.99,0.00132,True
1741432024518,86087.99,6e-05,True
1741432024518,86087.99,6e-05,True
1741432024518,86087.99,6e-05,True
1741432024518,86087.99,6e-05,True
1741432024518,86087.99,6e-05,True
1741432024518,86087.99,6e-05,True
1741432024518,86087.99,0.00014,True
1741432024518,86087.99,0.00058,True
1741432024518,86087.99,0.01631,True
1741432024519,86087.99,0.00508,True
1741432024519,86087.99,0.00269,True
1741432024520,86087.99,0.00023,True
1741432024520,86087.99,0.00024,True
1741432024522,86087.99,0.00023,True
1741432024522,86087.99,0.00023,True
1741432024522,86087.99,0.00023,True
1741432024522,86088.0,0.00938,False
1741432024522,86088.0,6e-05,False
1741432024522,86088.0,6e-05,False
1741432024522,86088.0,6e-05,False
1741432024522,86088.0,6e-05,False
1741432024522,86088.0,6e-05,False
1741432024522,86088.0,6e-05,False
1741432024522,86088.0,0.00013,False
1741432024522,86088.0,0.00058,False
1741432024522,86088.0,0.00077,False
1741432024522,86088.0,0.00077,False
1741432024522,86088.0,7e-05,False
1741432024522,86088.0,7e-05,False
1741432024522,86088.0,0.00082,False
1741432024522,86088.0,6e-05,False
1741432024522,86088.0,6e-05,False
1741432024522,86088.0,0.00084,False
1741432024522,86088.0,0.0001,False
1741432024522,86088.0,0.00069,False
1741432024523,86088.0,0.00039,False
1741432024523,86087.99,0.01548,True
1741432024524,86087.99,0.00996,True
1741432024524,86087.99,0.00519,True
1741432024527,86088.0,8e-05,False
1741432024527,86088.0,0.0165,False
1741432024528,86088.0,0.0034,False
1741432024537,86087.99,0.00024,True
1741432024538,86087.99,0.00024,True
1741432024555,86087.99,0.00024,True
1741432024555,86087.99,0.00024,True
1741432024555,86087.99,0.00024,True
1741432024555,86087.99,0.00024,True
1741432024972,86087.99,0.01105,True
1741432025298,86088.0,0.01032,False
1741432025311,86088.0,7e-05,False
1741432025407,86087.99,0.00063,True
1741432025703,86088.0,0.03735,False
1741432025703,86088.0,0.02664,False
1741432025719,86088.0,0.01473,False
1741432026184,86087.99,0.0199,True
1741432026612,86087.99,0.01341,True
1741432026815,86088.0,6e-05,False
1741432026815,86088.0,6e-05,False
1741432026815,86088.0,6e-05,False
1741432026815,86088.0,6e-05,False
1741432026815,86088.0,6e-05,False
1741432026815,86088.0,6e-05,False
1741432026815,86088.0,6e-05,False
1741432026815,86088.0,6e-05,False
1741432026815,86088.0,0.00013,False
1741432026815,86088.0,0.014,False
1741432026815,86088.0,0.00084,False
1741432026815,86088.0,0.00085,False
1741432026815,86088.0,0.0009,False
1741432026815,86088.0,0.00058,False
1741432026815,86088.0,0.0001,False
1741432026815,86088.01,6e-05,False
1741432026815,86088.01,6e-05,False
1741432026815,86088.02,6e-05,False
1741432026815,86088.02,6e-05,False
1741432026815,86088.02,8e-05,False
1741432026815,86088.02,8e-05,False
1741432026815,86088.02,8e-05,False
1741432026815,86088.02,8e-05,False
1741432026815,86088.02,0.00014,False
1741432026815,86088.03,6e-05,False
1741432026815,86088.03,6e-05,False
1741432026815,86088.03,9e-05,False
1741432026815,86088.04,6e-05,False
1741432026815,86088.04,6e-05,False
1741432026815,86088.04,0.00013,False
1741432026815,86088.05,6e-05,False
1741432026815,86088.06,6e-05,False
1741432026815,86088.06,0.00013,False
1741432026815,86088.09,6e-05,False
1741432026815,86088.25,0.00014,False
1741432026815,86088.61,0.00012,False
1741432026815,86088.67,7e-05,False
1741432026815,86088.67,7e-05,False
1741432026815,86088.67,7e-05,False
1741432026815,86088.67,7e-05,False
1741432026815,86088.67,7e-05,False
1741432026909,86088.68,0.0022,False
1741432026952,86088.68,6e-05,False
1741432026952,86088.68,6e-05,False
1741432026952,86088.68,6e-05,False
1741432026952,86088.68,6e-05,False
1741432026952,86088.68,0.0001,False
1741432026952,86088.68,6e-05,False
1741432026952,86088.68,6e-05,False
1741432026952,86088.68,6e-05,False
1741432026952,86088.68,6e-05,False
1741432026952,86088.68,6e-05,False
1741432026952,86088.68,6e-05,False
1741432026952,86088.72,0.00014,False
1741432026952,86088.72,6e-05,False
1741432026952,86088.72,6e-05,False
1741432026952,86088.83,0.00014,False
1741432026952,86088.83,6e-05,False
1741432026952,86088.83,6e-05,False
1741432026952,86088.96,6e-05,False
1741432026952,86088.96,6e-05,False
1741432026952,86088.97,6e-05,False
1741432026952,86088.97,6e-05,False
1741432026952,86089.19,6e-05,False
1741432026952,86089.69,6e-05,False
1741432026952,86089.69,6e-05,False
1741432026952,86089.7,6e-05,False
1741432026952,86089.7,7e-05,False
1741432026952,86089.7,7e-05,False
1741432026952,86089.7,7e-05,False
1741432027378,86089.7,0.0004,True
1741432027378,86089.7,0.00152,True
1741432027398,86089.7,0.02314,True
1741432028807,86089.71,0.00199,False
1741432028969,86089.7,0.00038,True
1741432029022,86089.71,0.00029,False
1741432029022,86089.71,0.00031,False
1741432029639,86089.7,0.0032,True
1741432029912,86089.71,0.00046,False
1741432030343,86089.71,0.00013,False
1741432030703,86089.71,0.0014,False
1741432030703,86089.71,0.00284,False
1741432030703,86089.71,0.00419,False
1741432030703,86089.71,6e-05,False
1741432030703,86089.71,6e-05,False
1741432030703,86089.71,0.00013,False
1741432030703,86089.71,6e-05,False
1741432030703,86089.71,8e-05,False
1741432030703,86089.71,6e-05,False
1741432030703,86089.71,0.00012,False
1741432030703,86089.71,0.05918,False
1741432030704,86089.7,0.00024,True
1741432032374,86089.7,0.00054,True
1741432032696,86089.71,0.00011,False
1741432032914,86089.71,0.00037,False
1741432034356,86089.71,0.00232,False
1741432034356,86089.71,0.00093,False
1741432034356,86089.71,0.00179,False
1741432034358,86089.71,0.00232,False
1741432034737,86089.7,0.0002,True
1741432034806,86089.71,0.0012,False
1741432035007,86089.7,6e-05,True
1741432035007,86089.7,6e-05,True
1741432035007,86089.7,0.00013,True
1741432035007,86089.7,0.00425,True
1741432035008,86089.7,0.00078,True
1741432035008,86089.7,0.04074,True
1741432035068,86089.7,0.001,True
1741432035117,86089.71,0.00095,False
1741432035229,86089.7,0.0002,True
1741432035777,86089.7,0.00023,True
1741432035917,86089.71,0.00053,False
1741432036082,86089.71,0.00339,False
1741432036228,86089.7,0.0002,True
1741432036258,86089.71,0.0006,False
1741432036609,86089.71,0.00358,False
1741432037206,86089.7,0.00014,True
1741432037214,86089.7,0.0152,True
1741432037302,86089.71,0.01162,False
1741432037805,86089.7,0.00222,True
1741432037805,86089.7,0.00058,True
1741432037805,86089.7,0.00014,True
1741432037805,86089.7,0.03826,True
1741432037808,86089.7,0.00024,True
1741432037813,86089.7,0.01506,True
1741432037818,86089.7,0.00024,True
1741432037823,86089.7,0.0153,True
1741432037847,86089.71,0.00101,False
1741432037847,86089.7,0.00128,True
1741432037847,86089.7,0.00379,True
1741432037847,86089.7,0.03797,True
1741432037847,86089.7,0.0001,True
1741432037847,86089.7,0.0001,True
1741432037847,86089.7,0.0001,True
1741432037847,86089.7,6e-05,True
1741432037847,86089.7,6e-05,True
1741432037847,86089.7,6e-05,True
1741432037847,86089.7,6e-05,True
1741432037847,86089.7,6e-05,True
1741432037847,86089.7,0.00014,True
1741432037847,86089.7,6e-05,True
1741432037847,86089.7,6e-05,True
1741432037847,86089.7,0.00014,True
1741432037847,86089.7,0.00055,True
1741432037847,86089.7,0.02463,True
1741432037847,86089.7,6e-05,True
1741432037847,86089.69,0.00033,True
1741432037847,86089.69,6e-05,True
1741432037847,86089.69,6e-05,True
1741432037847,86089.68,6e-05,True
1741432037847,86089.68,6e-05,True
1741432037847,86089.67,0.00014,True
1741432037847,86089.67,6e-05,True
1741432037847,86089.67,6e-05,True
1741432037847,86089.6,0.00014,True
1741432037847,86089.6,6e-05,True
1741432037847,86089.6,6e-05,True
1741432037847,86089.56,6e-05,True
1741432037847,86089.55,0.00014,True
1741432037847,86089.55,6e-05,True
1741432037847,86089.27,6e-05,True
1741432037847,86089.12,6e-05,True
1741432037847,86088.0,0.00074,True
1741432037847,86088.0,7e-05,True
1741432037847,86088.0,7e-05,True
1741432037847,86088.0,7e-05,True
1741432038008,86088.0,0.0001,False
1741432038014,86088.0,0.00031,False
1741432038032,86088.0,0.01726,False
1741432038164,86087.99,0.00222,True
1741432038236,86087.99,0.0002,True
1741432038254,86088.0,0.00011,False
1741432038453,86087.99,0.02159,True
1741432038453,86087.99,0.02732,True
1741432038453,86087.99,0.07771,True
1741432038453,86087.99,0.00268,True
1741432038453,86087.99,0.00015,True
1741432038453,86087.99,0.00047,True
1741432038453,86087.99,0.0003,True
1741432038453,86087.99,0.00842,True
1741432038453,86087.99,0.022,True
1741432038453,86087.99,0.00082,True
1741432038453,86087.99,0.02929,True
1741432038453,86087.99,0.00975,True
1741432038454,86087.99,0.00025,True
1741432038454,86087.99,0.00017,True
1741432038454,86087.99,6e-05,True
1741432038454,86087.99,6e-05,True
1741432038454,86087.99,6e-05,True
1741432038454,86087.99,6e-05,True
1741432038454,86087.99,6e-05,True
1741432038454,86087.99,0.0001,True
1741432038454,86087.99,0.0001,True
1741432038454,86087.99,0.0001,True
1741432038454,86087.99,0.00014,True
1741432038454,86087.99,6e-05,True
1741432038454,86087.99,6e-05,True
1741432038454,86087.99,0.01016,True
1741432038454,86087.99,0.01,True
1741432038454,86087.99,0.00385,True
1741432038454,86087.99,0.00268,True
1741432038454,86087.99,0.03124,True
1741432038454,86087.99,0.02929,True
1741432038454,86087.99,6e-05,True
1741432038454,86087.99,0.02401,True
1741432038454,86087.99,0.002,True
1741432038454,86087.99,0.03124,True
1741432038454,86087.99,0.02929,True
1741432038454,86087.99,0.02401,True
1741432038454,86087.99,0.02683,True
1741432038454,86087.99,0.0011,True
1741432038454,86087.99,0.00331,True
1741432038454,86087.99,0.01284,True
1741432038454,86087.99,0.01645,True
1741432038454,86087.99,0.02401,True
1741432038454,86087.99,0.02454,True
1741432038454,86087.99,0.0067,True
1741432038454,86087.99,0.02498,True
1741432038458,86087.99,0.00431,True
1741432038458,86087.99,0.02401,True
1741432038458,86087.99,0.02939,True
1741432038458,86087.99,0.00185,True
1741432038458,86087.99,0.0001,True
1741432038458,86087.99,0.0001,True
1741432038458,86087.99,0.02929,True
1741432038458,86087.99,0.00866,True
1741432038459,86087.99,0.00162,True
1741432038459,86087.99,0.0005,True
1741432038460,86087.99,0.01323,True
1741432038460,86087.99,0.0001,True
1741432038460,86087.99,0.03124,True
1741432038460,86087.99,0.02929,True
1741432038460,86087.99,0.02401,True
1741432038460,86087.99,0.01036,True
1741432038460,86087.99,0.01,True
1741432038460,86087.99,0.0005,True
1741432038461,86087.99,0.0021,True
1741432038461,86087.99,0.00828,True
1741432038461,86087.99,0.02929,True
1741432038461,86087.99,0.02401,True
1741432038461,86087.99,0.03065,True
1741432038461,86087.99,0.00059,True
1741432038461,86087.99,0.00326,True
1741432038461,86087.99,0.02596,True
1741432038461,86087.99,0.02395,True
1741432038461,86087.99,0.00779,True
1741432038461,86087.99,0.001,True
1741432038461,86087.99,0.0133,True
1741432038463,86087.99,0.00905,True
1741432038463,86087.99,6e-05,True
1741432038463,86087.99,6e-05,True
1741432038463,86087.99,6e-05,True
1741432038463,86087.99,6e-05,True
1741432038463,86087.99,6e-05,True
1741432038463,86087.99,6e-05,True
1741432038463,86087.95,0.00024,True
1741432038463,86087.95,6e-05,True
1741432038463,86087.95,6e-05,True
1741432038463,86087.95,7e-05,True
1741432038463,86087.95,7e-05,True
1741432038463,86087.95,7e-05,True
1741432038463,86087.94,0.00136,True
1741432038463,86087.94,6e-05,True
1741432038463,86087.94,6e-05,True
1741432038463,86087.94,0.00014,True
1741432038463,86087.89,0.00014,True
1741432038463,86087.89,6e-05,True
1741432038463,86087.89,6e-05,True
1741432038463,86087.86,6e-05,True
1741432038463,86087.86,6e-05,True
1741432038463,86087.84,6e-05,True
1741432038463,86087.48,0.00098,True
1741432038463,86087.48,6e-05,True
1741432038463,86087.39,6e-05,True
1741432038464,86086.3,7e-05,True
1741432038464,86086.3,7e-05,True
1741432038464,86086.3,7e-05,True
1741432038464,86086.29,7e-05,True
1741432038464,86086.29,7e-05,True
1741432038464,86086.29,7e-05,True
1741432038464,86086.28,0.01161,True
1741432038464,86085.7,0.00077,True
1741432038464,86085.7,0.00116,True
1741432038464,86085.65,6e-05,True
1741432038464,86085.4,7e-05,True
1741432038464,86085.4,7e-05,True
1741432038464,86085.4,7e-05,True
1741432038464,86085.39,0.00317,True
1741432038465,86085.39,0.00102,True
1741432038465,86085.39,0.00102,True
1741432038465,86085.39,0.00102,True
1741432038469,86085.39,0.02,True
1741432038472,86085.39,0.03501,True
1741432038510,86085.4,0.00025,False
1741432038592,86085.39,6e-05,True
1741432038592,86085.39,6e-05,True
1741432038592,86085.39,0.00016,True
1741432038592,86085.39,0.00014,True
1741432038592,86085.39,6e-05,True
1741432038592,86085.39,6e-05,True
1741432038592,86085.39,0.0001,True
1741432038592,86085.39,0.0001,True
1741432038592,86085.39,0.0001,True
1741432038592,86085.39,6e-05,True
1741432038592,86085.39,6e-05,True
1741432038592,86085.39,6e-05,True
1741432038592,86085.39,6e-05,True
1741432038592,86085.36,0.00012,True
1741432038592,86085.36,6e-05,True
1741432038592,86085.36,6e-05,True
1741432038592,86085.34,0.00013,True
1741432038592,86085.34,6e-05,True
1741432038592,86085.34,6e-05,True
1741432038592,86085.28,0.00014,True
1741432038592,86085.28,6e-05,True
1741432038592,86085.28,6e-05,True
1741432038592,86084.79,6e-05,True
1741432038592,86084.79,6e-05,True
1741432038592,86084.79,6e-05,True
1741432038592,86084.71,8e-05,True
1741432038592,86084.71,8e-05,True
1741432038592,86084.71,8e-05,True
1741432038592,86084.71,6e-05,True
1741432038592,86084.7,6e-05,True
1741432038592,86084.01,6e-05,True
1741432038592,86084.0,0.00149,True
1741432038592,86083.92,6e-05,True
1741432038592,86083.69,7e-05,True
1741432038592,86083.69,7e-05,True
1741432038592,86083.69,7e-05,True
1741432038740,86083.68,0.0002,True
1741432038916,86083.69,0.00098,False
1741432039667,86083.68,0.01141,True
1741432039667,86083.68,6e-05,True
1741432039667,86083.68,6e-05,True
1741432039667,86083.68,6e-05,True
1741432039667,86083.68,0.0001,True
1741432039667,86083.68,0.0001,True
1741432039667,86083.68,0.0001,True
1741432039667,86083.68,0.00013,True
1741432039667,86083.68,6e-05,True
1741432039667,86083.68,6e-05,True
1741432039667,86083.68,6e-05,True
1741432039667,86083.68,6e-05,True
1741432039667,86083.68,0.00349,True
1741432039667,86083.68,6e-05,True
1741432039667,86083.65,8e-05,True
1741432039667,86083.65,6e-05,True
1741432039667,86083.65,6e-05,True
1741432039667,86083.64,6e-05,True
1741432039667,86083.64,6e-05,True
1741432039667,86083.64,6e-05,True
1741432039667,86083.64,6e-05,True
1741432039667,86083.64,6e-05,True
1741432039667,86083.63,6e-05,True
1741432039667,86083.63,6e-05,True
1741432039667,86083.62,0.00014,True
1741432039667,86083.62,6e-05,True
1741432039667,86083.62,6e-05,True
1741432039667,86083.57,0.00013,True
1741432039667,86083.57,6e-05,True
1741432039667,86083.52,0.00013,True
1741432039667,86083.52,6e-05,True
1741432039667,86083.05,6e-05,True
1741432039667,86083.05,6e-05,True
1741432039667,86082.45,0.00085,True
1741432039667,86082.19,6e-05,True
1741432039667,86081.72,7e-05,True
1741432039667,86080.38,7e-05,True
1741432039667,86080.38,7e-05,True
1741432039667,86080.38,7e-05,True
1741432039668,86080.37,0.10445,True
1741432039668,86080.37,6e-05,True
1741432039668,86080.37,6e-05,True
1741432039668,86080.0,0.00012,True
1741432039668,86080.0,6e-05,True
1741432039668,86080.0,6e-05,True
1741432039673,86078.88,0.00999,True
1741432039673,86078.88,6e-05,True
1741432039673,86078.88,6e-05,True
1741432039673,86078.88,6e-05,True
1741432039673,86078.88,6e-05,True
1741432039673,86078.88,0.0001,True
1741432039673,86078.88,6e-05,True
1741432039673,86078.88,6e-05,True
1741432039673,86078.72,6e-05,True
1741432039673,86078.52,7e-05,True
1741432039673,86078.52,7e-05,True
1741432039673,86078.52,7e-05,True
1741432039673,86078.51,0.01161,True
1741432039673,86078.51,6e-05,True
1741432039673,86078.51,6e-05,True
1741432039673,86078.48,7e-05,True
1741432039673,86078.48,7e-05,True
1741432039673,86078.48,7e-05,True
1741432039673,86078.47,0.01441,True
1741432039673,86078.47,6e-05,True
1741432039673,86078.47,6e-05,True
1741432039673,86078.47,6e-05,True
1741432039673,86078.47,6e-05,True
1741432039673,86078.41,7e-05,True
1741432039673,86078.41,7e-05,True
1741432039673,86078.41,7e-05,True
1741432039673,86078.4,0.00488,True
1741432039673,86078.4,0.01135,True
1741432039673,86078.4,6e-05,True
1741432039673,86078.4,6e-05,True
1741432039673,86078.4,6e-05,True
1741432039673,86078.4,6e-05,True
1741432039673,86078.31,0.00416,True
1741432039679,86078.31,0.00309,True
1741432039679,86078.31,0.0001,True
1741432039679,86078.01,7e-05,True
1741432039679,86078.01,7e-05,True
1741432039679,86078.01,7e-05,True
1741432039679,86078.0,6e-05,True
1741432039679,86078.0,6e-05,True
1741432039679,86077.8,7e-05,True
1741432039679,86077.8,7e-05,True
1741432039679,86077.8,7e-05,True
1741432039679,86077.79,0.00127,True
1741432039679,86077.79,0.00672,True
1741432039679,86077.71,7e-05,True
1741432039685,86077.7,0.01014,True
1741432039685,86077.7,6e-05,True
1741432039685,86077.7,6e-05,True
1741432039685,86077.7,0.0001,True
1741432039685,86077.7,0.0001,True
1741432039685,86077.7,0.0001,True
1741432039685,86077.7,6e-05,True
1741432039685,86077.7,6e-05,True
1741432039685,86077.7,6e-05,True
1741432039685,86077.7,6e-05,True
1741432039685,86077.7,6e-05,True
1741432039685,86077.7,6e-05,True
1741432039685,86077.7,6e-05,True
1741432039685,86077.62,7e-05,True
1741432039685,86077.62,7e-05,True
1741432039685,86077.62,7e-05,True
1741432039685,86077.61,0.00381,True
1741432039685,86077.61,0.01027,True
1741432039685,86077.61,6e-05,True
1741432039685,86077.61,6e-05,True
1741432039685,86077.61,6e-05,True
1741432039685,86077.61,6e-05,True
1741432039685,86077.54,0.003,True
1741432039685,86077.54,6e-05,True
1741432039685,86077.43,6e-05,True
1741432039685,86077.29,7e-05,True
1741432039685,86077.29,7e-05,True
1741432039685,86077.29,7e-05,True
1741432039685,86077.28,0.01016,True
1741432039685,86077.28,0.003,True
1741432039738,86077.28,0.0002,True
1741432039766,86077.28,0.00015,True
1741432039826,86077.28,0.0106,True
1741432039826,86077.28,6e-05,True
1741432039826,86077.28,6e-05,True
1741432039826,86077.28,6e-05,True
1741432039826,86077.28,0.0001,True
1741432039826,86077.28,0.0001,True
1741432039826,86077.28,0.0001,True
1741432039826,86077.28,6e-05,True
1741432039826,86077.28,6e-05,True
1741432039826,86077.28,6e-05,True
1741432039826,86077.28,6e-05,True
1741432039826,86077.28,0.00013,True
1741432039826,86077.28,6e-05,True
1741432039826,86077.28,6e-05,True
1741432039826,86077.28,6e-05,True
1741432039826,86077.28,6e-05,True
1741432039826,86077.28,6e-05,True
1741432039826,86077.28,6e-05,True
1741432039826,86077.28,6e-05,True
1741432039826,86077.25,0.00032,True
1741432039826,86077.25,6e-05,True
1741432039826,86077.25,6e-05,True
1741432039826,86077.24,0.00012,True
1741432039826,86077.24,6e-05,True
1741432039826,86077.24,6e-05,True
1741432039826,86077.22,0.00013,True
1741432039826,86077.22,6e-05,True
1741432039826,86077.22,6e-05,True
1741432039826,86077.17,0.00014,True
1741432039826,86077.17,6e-05,True
1741432039826,86077.17,6e-05,True
1741432039826,86076.99,6e-05,True
1741432039826,86076.99,6e-05,True
1741432039826,86076.89,0.00033,True
1741432039826,86076.89,6e-05,True
1741432039826,86076.88,7e-05,True
1741432039826,86076.88,7e-05,True
1741432039826,86076.88,0.00033,True
1741432039826,86076.88,0.00033,True
1741432039826,86076.88,6e-05,True
1741432039826,86076.88,7e-05,True
1741432039826,86076.87,0.01209,True
1741432039826,86076.87,6e-05,True
1741432039826,86076.87,6e-05,True
1741432039826,86076.83,7e-05,True
1741432039826,86076.83,7e-05,True
1741432039826,86076.83,7e-05,True
1741432039826,86076.82,0.01398,True
1741432039840,86076.82,0.00018,True
1741432039883,86076.82,0.00446,True
1741432039883,86076.82,6e-05,True
1741432039883,86076.82,0.0001,True
1741432039883,86076.82,0.0001,True
1741432039883,86076.82,0.0001,True
1741432039883,86076.82,6e-05,True
1741432039883,86076.82,6e-05,True
1741432039883,86076.82,6e-05,True
1741432039883,86076.82,6e-05,True
1741432039883,86076.82,6e-05,True
1741432039883,86076.82,6e-05,True
1741432039883,86076.82,6e-05,True
1741432039883,86076.82,6e-05,True
1741432039883,86076.82,6e-05,True
1741432039883,86076.82,6e-05,True
1741432039883,86076.66,0.00014,True
1741432039883,86076.66,6e-05,True
1741432039883,86076.66,6e-05,True
1741432039883,86076.64,7e-05,True
1741432039883,86076.64,7e-05,True
1741432039883,86076.64,6e-05,True
1741432039883,86076.64,6e-05,True
1741432039883,86076.64,7e-05,True
1741432039883,86076.63,0.01075,True
1741432039883,86076.63,6e-05,True
1741432039883,86076.63,6e-05,True
1741432039883,86076.5,0.001,True
1741432039883,86076.5,6e-05,True
1741432039883,86076.5,6e-05,True
1741432039883,86076.24,7e-05,True
1741432039883,86076.24,7e-05,True
1741432039883,86076.24,6e-05,True
1741432039883,86076.24,7e-05,True
1741432039883,86076.23,0.00682,True
1741432039883,86076.23,6e-05,True
1741432039883,86076.12,6e-05,True
1741432039883,86076.12,6e-05,True
1741432039883,86075.95,7e-05,True
1741432039883,86075.95,7e-05,True
1741432039883,86075.95,7e-05,True
1741432039883,86075.94,0.01681,True
1741432040069,86075.95,0.00024,False
1741432040080,86075.95,0.0029,False
1741432040206,86075.94,0.00047,True
1741432040206,86075.94,0.00914,True
1741432040216,86075.94,0.00247,True
1741432040216,86075.94,0.0001,True
1741432040216,86075.94,0.0001,True
1741432040216,86075.94,6e-05,True
1741432040216,86075.94,6e-05,True
1741432040216,86075.94,0.0001,True
1741432040216,86075.94,6e-05,True
1741432040216,86075.94,6e-05,True
1741432040216,86075.94,0.00014,True
1741432040216,86075.94,6e-05,True
1741432040216,86075.94,6e-05,True
1741432040216,86075.94,6e-05,True
1741432040216,86075.94,6e-05,True
1741432040216,86075.91,7e-05,True
1741432040216,86075.91,6e-05,True
1741432040216,86075.91,6e-05,True
1741432040216,86075.88,0.00013,True
1741432040216,86075.88,6e-05,True
1741432040216,86075.88,6e-05,True
1741432040216,86075.83,0.00014,True
1741432040216,86075.83,6e-05,True
1741432040216,86075.83,6e-05,True
1741432040216,86075.78,0.00014,True
1741432040216,86075.78,6e-05,True
1741432040216,86075.78,6e-05,True
1741432040216,86075.26,6e-05,True
1741432040216,86074.96,0.0001,True
1741432040216,86074.96,0.0001,True
1741432040216,86074.96,6e-05,True
1741432040216,86074.96,0.0001,True
1741432040216,86074.95,0.00012,True
1741432040216,86074.95,6e-05,True
1741432040216,86074.76,7e-05,True
1741432040216,86074.76,7e-05,True
1741432040216,86074.76,7e-05,True
1741432040216,86074.75,0.0179,True
1741432040216,86074.75,6e-05,True
1741432040216,86074.75,6e-05,True
1741432040216,86074.39,6e-05,True
1741432040216,86074.18,7e-05,True
1741432040216,86074.18,7e-05,True
1741432040216,86074.18,7e-05,True
1741432040216,86074.17,0.01367,True
1741432040216,86074.17,6e-05,True
1741432040216,86074.17,6e-05,True
1741432040216,86073.74,7e-05,True
1741432040216,86073.74,7e-05,True
1741432040216,86073.74,7e-05,True
1741432040216,86073.73,0.01273,True
1741432040216,86073.73,6e-05,True
1741432040216,86073.73,6e-05,True
1741432040216,86073.65,0.00362,True
1741432040216,86073.52,6e-05,True
1741432040216,86073.43,7e-05,True
1741432040216,86073.43,7e-05,True
1741432040216,86073.43,7e-05,True
1741432040216,86073.42,0.01657,True
1741432040216,86073.15,0.00606,True
1741432040216,86073.1,7e-05,True
1741432040216,86073.1,7e-05,True
1741432040216,86073.1,7e-05,True
1741432040231,86073.09,0.01618,True
1741432040238,86073.09,0.0002,True
1741432040325,86073.09,0.04,True
1741432040326,86073.09,0.08,True
1741432040353,86073.09,0.00015,True
1741432040364,86073.09,0.00015,True
1741432040365,86073.09,0.00015,True
1741432040365,86073.09,0.00015,True
1741432040366,86073.09,0.00015,True
1741432040366,86073.09,0.00015,True
1741432040368,86073.09,0.00015,True
1741432040368,86073.09,0.00015,True
1741432040390,86073.09,0.00015,True
1741432040391,86073.09,0.00015,True
1741432040391,86073.09,0.00015,True
1741432040395,86073.09,0.00015,True
1741432040397,86073.09,0.00015,True
1741432040399,86073.09,0.00015,True
1741432040405,86073.09,0.00015,True
1741432040405,86073.09,0.00015,True
1741432040406,86073.09,0.00015,True
1741432040408,86073.09,0.00015,True
1741432040408,86073.09,0.00015,True
1741432040410,86073.09,0.00015,True
1741432040411,86073.09,0.00015,True
1741432040411,86073.09,0.00015,True
1741432040412,86073.09,0.00015,True
1741432040413,86073.09,0.00015,True
1741432040418,86073.1,0.00079,False
1741432040693,86073.1,0.00522,False
1741432040703,86073.1,0.08179,False
1741432040741,86073.09,0.0002,True
1741432040811,86073.09,0.0002,True
1741432041340,86073.09,0.0018,True
1741432041438,86073.09,0.00024,True
1741432041438,86073.09,0.00024,True
1741432041439,86073.09,0.00024,True
1741432041439,86073.09,0.00024,True
1741432041439,86073.09,0.00024,True
1741432041443,86073.1,0.00092,False
1741432041443,86073.09,0.00012,True
1741432041447,86073.09,0.00467,True
1741432041471,86073.1,0.00118,False
1741432041710,86073.09,0.00346,True
1741432041712,86073.09,0.04178,True
1741432041738,86073.09,0.00346,True
1741432041743,86073.09,0.0002,True
1741432041807,86073.09,0.00346,True
1741432041918,86073.1,0.00059,False
1741432042002,86073.1,0.00152,False
1741432042290,86073.09,0.00043,True
1741432042747,86073.09,0.0002,True
1741432043128,86073.1,0.00251,False
1741432043245,86073.09,0.00025,True
1741432043305,86073.09,0.00046,True
1741432043459,86073.09,0.00027,True
1741432043656,86073.09,0.0001,True
1741432043750,86073.09,0.0002,True
1741432043776,86073.09,0.00229,True
1741432043777,86073.09,0.00331,True
1741432043778,86073.09,0.01452,True
1741432043786,86073.09,0.02198,True
1741432043786,86073.09,0.01325,True
1741432043786,86073.09,0.31081,True
1741432043786,86073.09,0.2795,True
1741432043786,86073.09,0.03131,True
1741432043786,86073.09,0.06869,True
1741432043786,86073.09,6e-05,True
1741432043786,86073.09,6e-05,True
1741432043786,86073.09,6e-05,True
1741432043786,86073.09,0.00013,True
1741432043786,86073.09,6e-05,True
1741432043786,86073.09,6e-05,True
1741432043786,86073.09,0.0001,True
1741432043786,86073.09,0.0001,True
1741432043786,86073.09,0.0001,True
1741432043786,86073.09,0.00058,True
1741432043786,86073.09,6e-05,True
1741432043786,86073.06,0.00014,True
1741432043786,86073.06,6e-05,True
1741432043786,86073.06,6e-05,True
1741432043786,86073.04,0.00013,True
1741432043786,86073.04,6e-05,True
1741432043786,86073.04,6e-05,True
1741432043786,86073.03,6e-05,True
1741432043786,86073.03,6e-05,True
1741432043786,86073.0,0.00013,True
1741432043786,86073.0,6e-05,True
1741432043786,86073.0,6e-05,True
1741432043786,86072.96,0.0001,True
1741432043786,86072.96,0.0001,True
1741432043786,86072.96,6e-05,True
1741432043786,86072.96,0.0001,True
1741432043786,86072.95,6e-05,True
1741432043786,86072.95,0.00013,True
1741432043786,86072.94,7e-05,True
1741432043786,86072.94,7e-05,True
1741432043786,86072.94,6e-05,True
1741432043786,86072.94,7e-05,True
1741432043786,86072.93,0.00191,True
1741432043786,86072.88,6e-05,True
1741432043786,86072.88,6e-05,True
1741432043786,86072.66,6e-05,True
1741432043786,86072.49,7e-05,True
1741432043786,86072.49,7e-05,True
1741432043786,86072.49,7e-05,True
1741432043786,86072.48,0.01311,True
1741432043786,86072.0,6e-05,True
1741432043786,86072.0,6e-05,True
1741432043786,86071.78,7e-05,True
1741432043786,86071.78,7e-05,True
1741432043786,86071.78,7e-05,True
1741432043786,86071.77,0.01086,True
1741432043786,86071.77,0.00097,True
1741432043786,86071.77,0.00572,True
1741432043788,86071.77,0.01777,True
1741432043788,86071.65,0.00447,True
1741432043788,86070.78,0.01161,True
1741432043788,86070.23,0.00697,True
1741432043789,86069.61,0.02226,True
1741432043789,86069.46,0.01205,True
1741432043789,86069.14,0.01662,True
1741432043789,86068.87,0.02464,True
1741432043789,86068.33,0.00012,True
1741432043789,86068.01,8e-05,True
1741432043789,86067.95,0.00084,True
1741432043789,86067.84,0.00876,True
1741432043789,86067.63,0.00763,True
1741432043789,86067.28,0.00536,True
1741432043789,86067.2,0.01692,True
1741432043789,86067.16,0.00802,True
1741432043789,86067.15,0.02405,True
1741432043789,86066.83,7e-05,True
1741432043789,86066.24,0.00012,True
1741432043794,86065.89,0.00985,True
1741432043794,86065.8,0.01008,True
1741432043795,86065.52,0.00731,True
1741432043796,86065.52,0.00553,True
1741432043796,86065.52,6e-05,True
1741432043796,86065.52,6e-05,True
1741432043796,86065.45,0.02524,True
1741432043801,86065.45,6e-05,True
1741432043801,86065.45,6e-05,True
1741432043801,86065.45,6e-05,True
1741432043801,86065.31,7e-05,True
1741432043801,86065.31,7e-05,True
1741432043801,86065.31,7e-05,True
1741432043801,86065.3,0.01006,True
1741432043801,86065.3,6e-05,True
1741432043801,86065.03,0.01051,True
1741432043801,86065.03,6e-05,True
1741432043801,86064.91,7e-05,True
1741432043801,86064.91,7e-05,True
1741432043801,86064.91,7e-05,True
1741432043801,86064.9,0.01871,True
1741432043801,86064.9,0.00256,True
1741432043801,86064.9,6e-05,True
1741432043801,86064.9,6e-05,True
1741432043801,86064.86,6e-05,True
1741432043801,86064.85,0.01726,True
1741432043801,86064.85,0.00358,True
1741432043801,86064.85,6e-05,True
1741432043801,86064.85,6e-05,True
1741432043801,86064.75,0.01161,True
1741432043801,86064.73,0.0041,True
1741432043801,86064.48,0.003,True
1741432043801,86063.97,0.0208,True
1741432043801,86063.97,6e-05,True
1741432043801,86063.97,6e-05,True
1741432043801,86063.84,0.02139,True
1741432043801,86063.84,6e-05,True
1741432043801,86063.84,6e-05,True
1741432043801,86063.3,0.01516,True
1741432043801,86063.3,0.00416,True
1741432043801,86063.3,6e-05,True
1741432043801,86063.3,6e-05,True
1741432043801,86063.21,0.0238,True
1741432043801,86063.21,6e-05,True
1741432043801,86063.21,6e-05,True
1741432043801,86062.34,0.00012,True
1741432043801,86061.62,0.00759,True
1741432043801,86061.57,0.02142,True
1741432043801,86061.52,0.00566,True
1741432043801,86061.48,0.02224,True
1741432043801,86061.21,0.01583,True
1741432043801,86060.7,0.01058,True
1741432043801,86060.62,0.01089,True
1741432043801,86060.37,0.00407,True
1741432043801,86060.22,0.00362,True
1741432043801,86060.12,0.00012,True
1741432043801,86060.04,0.18966,True
1741432043801,86060.04,0.00581,True
1741432043801,86060.04,0.02325,True
1741432043802,86060.04,0.14718,True
1741432043802,86060.01,7e-05,True
1741432043802,86060.0,0.01275,True
1741432043822,86059.96,0.00015,True
1741432043825,86059.96,0.00015,True
1741432043828,86059.96,0.00015,True
1741432043833,86059.96,0.01736,True
1741432043833,86059.96,6e-05,True
1741432043833,86059.96,6e-05,True
1741432043833,86059.96,0.0001,True
1741432043833,86059.96,0.0001,True
1741432043833,86059.96,0.0001,True
1741432043833,86059.96,6e-05,True
1741432043833,86059.96,6e-05,True
1741432043833,86059.96,6e-05,True
1741432043833,86059.96,6e-05,True
1741432043833,86059.96,6e-05,True
1741432043833,86059.96,6e-05,True
1741432043833,86059.91,7e-05,True
1741432043833,86059.91,7e-05,True
1741432043833,86059.91,7e-05,True
1741432043833,86059.9,0.02165,True
1741432043833,86059.9,0.00212,True
1741432043833,86059.9,6e-05,True
1741432043833,86059.9,6e-05,True
1741432043833,86059.9,6e-05,True
1741432043833,86059.9,6e-05,True
1741432043833,86059.3,7e-05,True
1741432043833,86059.3,7e-05,True
1741432043833,86059.3,7e-05,True
1741432043833,86059.29,0.01992,True
1741432043833,86059.29,6e-05,True
1741432043833,86059.29,6e-05,True
1741432043833,86059.29,6e-05,True
1741432043833,86059.29,6e-05,True
1741432043833,86059.27,6e-05,True
1741432043833,86059.27,6e-05,True
1741432043833,86059.04,0.00963,True
1741432043833,86059.04,6e-05,True
1741432043833,86059.04,6e-05,True
1741432043833,86058.98,0.01266,True
1741432043833,86058.98,6e-05,True
1741432043833,86058.98,6e-05,True
1741432043833,86058.98,6e-05,True
1741432043833,86058.98,6e-05,True
1741432043833,86058.98,6e-05,True
1741432043833,86058.92,0.00012,True
1741432043833,86058.92,6e-05,True
1741432043833,86058.45,0.03426,True
1741432043838,86058.45,6e-05,True
1741432043838,86058.45,6e-05,True
1741432043838,86058.45,3e-05,True
1741432043838,86058.45,0.00013,True
1741432043838,86058.45,6e-05,True
1741432043838,86058.32,0.00051,True
1741432043851,86058.32,0.00015,True
1741432043855,86058.32,0.00015,True
1741432043865,86058.32,0.00015,True
1741432043873,86058.32,0.00522,True
1741432043873,86058.32,6e-05,True
1741432043873,86058.32,6e-05,True
1741432043873,86058.32,0.003,True
1741432043873,86058.32,6e-05,True
1741432043873,86058.32,0.0001,True
1741432043873,86058.32,0.0001,True
1741432043873,86058.32,0.0001,True
1741432043873,86058.32,6e-05,True
1741432043873,86058.32,6e-05,True
1741432043873,86058.32,6e-05,True
1741432043873,86058.32,6e-05,True
1741432043873,86058.32,0.00013,True
1741432043873,86058.32,6e-05,True
1741432043873,86058.32,6e-05,True
1741432043873,86058.32,6e-05,True
1741432043873,86058.32,6e-05,True
1741432043873,86058.32,6e-05,True
1741432043873,86058.29,7e-05,True
1741432043873,86058.29,7e-05,True
1741432043873,86058.29,6e-05,True
1741432043873,86058.29,6e-05,True
1741432043873,86058.29,7e-05,True
1741432043873,86058.28,0.0023,True
1741432043875,86058.28,0.00015,True
1741432043875,86058.28,0.00015,True
1741432043875,86058.28,0.00015,True
1741432043878,86058.28,0.00015,True
1741432043879,86058.28,0.00015,True
1741432043879,86058.28,0.00015,True
1741432043882,86058.28,0.00015,True
1741432043890,86058.28,0.00015,True
1741432043897,86058.28,0.00015,True
1741432043899,86058.28,0.00015,True
1741432043908,86058.28,0.00015,True
1741432043909,86058.28,0.00015,True
1741432044010,86058.28,0.00752,True
1741432044010,86058.28,6e-05,True
1741432044010,86058.28,6e-05,True
1741432044010,86058.28,6e-05,True
1741432044010,86058.28,0.0001,True
1741432044010,86058.28,0.0001,True
1741432044010,86058.28,0.0001,True
1741432044010,86058.28,6e-05,True
1741432044010,86058.28,6e-05,True
1741432044010,86058.28,6e-05,True
1741432044010,86058.28,6e-05,True
1741432044010,86058.28,6e-05,True
1741432044010,86058.28,6e-05,True
1741432044010,86058.28,6e-05,True
1741432044010,86058.28,6e-05,True
1741432044010,86058.28,6e-05,True
1741432044010,86058.28,6e-05,True
1741432044010,86058.28,6e-05,True
1741432044010,86058.28,0.00395,True
1741432044010,86058.28,6e-05,True
1741432044010,86058.28,6e-05,True
1741432044010,86058.28,6e-05,True
1741432044010,86058.25,0.00074,True
1741432044010,86058.25,6e-05,True
1741432044010,86058.25,6e-05,True
1741432044010,86058.23,0.00013,True
1741432044010,86058.23,6e-05,True
1741432044010,86058.23,6e-05,True
1741432044010,86058.12,0.00014,True
1741432044010,86058.12,6e-05,True
1741432044010,86058.12,6e-05,True
1741432044010,86057.93,6e-05,True
1741432044010,86057.93,6e-05,True
1741432044010,86057.93,6e-05,True
1741432044010,86057.68,7e-05,True
1741432044010,86057.68,7e-05,True
1741432044010,86057.68,6e-05,True
1741432044010,86057.68,7e-05,True
1741432044010,86057.67,7e-05,True
1741432044010,86057.67,7e-05,True
1741432044010,86057.67,6e-05,True
1741432044010,86057.67,0.00076,True
1741432044010,86057.67,0.00076,True
1741432044010,86057.67,0.00076,True
1741432044010,86057.67,0.00035,True
1741432044010,86057.67,7e-05,True
1741432044010,86057.66,0.00811,True
1741432044010,86057.66,0.00377,True
1741432044041,86057.66,0.00023,True
1741432044103,86057.66,0.00153,True
1741432044103,86057.66,0.00259,True
1741432044103,86057.66,6e-05,True
1741432044103,86057.66,6e-05,True
1741432044103,86057.66,0.0001,True
1741432044103,86057.66,0.0001,True
1741432044103,86057.66,0.0001,True
1741432044103,86057.66,6e-05,True
1741432044103,86057.66,6e-05,True
1741432044103,86057.66,6e-05,True
1741432044103,86057.66,6e-05,True
1741432044103,86057.66,6e-05,True
1741432044103,86057.66,0.00014,True
1741432044103,86057.66,6e-05,True
1741432044103,86057.62,7e-05,True
1741432044103,86057.62,7e-05,True
1741432044103,86057.62,6e-05,True
1741432044103,86057.62,6e-05,True
1741432044103,86057.62,7e-05,True
1741432044103,86057.61,0.00629,True
1741432044103,86057.61,0.007,True
1741432044103,86057.61,0.00901,True
1741432044103,86057.61,0.003,True
1741432044104,86057.61,0.01601,True
1741432044294,86057.61,0.00542,True
1741432044753,86057.61,0.0002,True
1741432044925,86057.62,0.00038,False
1741432044986,86057.62,0.00096,False
1741432045206,86057.62,0.00096,False
1741432045209,86057.62,0.00096,False
1741432045301,86057.62,0.00223,False
1741432045310,86057.62,0.00077,False
1741432045754,86057.61,0.0002,True
1741432046389,86057.61,0.01097,True
1741432046389,86057.61,6e-05,True
1741432046389,86057.61,6e-05,True
1741432046389,86057.61,6e-05,True
1741432046389,86057.61,7e-05,True
1741432046389,86057.61,7e-05,True
1741432046389,86057.61,0.0001,True
1741432046389,86057.61,6e-05,True
1741432046389,86057.61,6e-05,True
1741432046389,86057.61,0.00013,True
1741432046389,86057.61,6e-05,True
1741432046389,86057.61,0.00288,True
1741432046389,86057.61,6e-05,True
1741432046389,86057.61,6e-05,True
1741432046389,86057.61,6e-05,True
1741432046389,86057.61,7e-05,True
1741432046389,86057.6,0.00014,True
1741432046389,86057.6,6e-05,True
1741432046389,86057.6,0.00666,True
1741432046389,86057.6,6e-05,True
1741432046389,86057.6,6e-05,True
1741432046389,86057.59,7e-05,True
1741432046389,86057.59,6e-05,True
1741432046389,86057.59,6e-05,True
1741432046389,86057.56,6e-05,True
1741432046389,86057.56,6e-05,True
1741432046389,86057.55,6e-05,True
1741432046389,86057.55,6e-05,True
1741432046389,86057.55,0.00013,True
1741432046389,86057.5,0.00013,True
1741432046389,86057.5,6e-05,True
1741432046389,86057.45,0.00014,True
1741432046389,86057.45,6e-05,True
1741432046389,86057.31,0.00011,True
1741432046389,86057.31,6e-05,True
1741432046389,86057.06,6e-05,True
1741432046389,86056.89,7e-05,True
1741432046389,86056.89,7e-05,True
1741432046389,86056.89,7e-05,True
1741432046389,86056.88,0.00994,True
1741432046389,86056.66,7e-05,True
1741432046389,86056.66,7e-05,True
1741432046389,86056.66,7e-05,True
1741432046389,86056.65,0.00597,True
1741432046389,86056.47,0.00012,True
1741432046389,86056.42,7e-05,True
1741432046389,86056.42,7e-05,True
1741432046389,86056.42,7e-05,True
1741432046389,86056.41,0.00223,True
1741432046392,86056.41,0.0238,True
1741432046392,86056.41,6e-05,True
1741432046392,86056.41,6e-05,True
1741432046392,86056.36,7e-05,True
1741432046392,86056.35,0.01856,True
1741432046393,86056.35,7e-05,True
1741432046401,86056.36,0.00012,False
1741432046406,86056.35,0.00554,True
1741432046406,86056.35,6e-05,True
1741432046406,86056.35,6e-05,True
1741432046406,86056.35,0.0001,True
1741432046406,86056.35,0.0001,True
1741432046406,86056.35,6e-05,True
1741432046406,86056.35,0.0001,True
1741432046406,86056.35,6e-05,True
1741432046406,86056.35,6e-05,True
1741432046406,86056.35,6e-05,True
1741432046406,86056.35,6e-05,True
1741432046406,86056.35,6e-05,True
1741432046406,86056.34,7e-05,True
1741432046406,86056.34,7e-05,True
1741432046406,86056.34,6e-05,True
1741432046406,86056.34,6e-05,True
1741432046406,86056.34,7e-05,True
1741432046406,86056.34,7e-05,True
1741432046406,86056.34,7e-05,True
1741432046406,86056.34,7e-05,True
1741432046407,86056.33,0.02334,True
1741432046409,86056.33,0.00061,True
1741432046409,86056.33,6e-05,True
1741432046409,86056.33,6e-05,True
1741432046409,86056.33,6e-05,True
1741432046409,86056.33,0.0001,True
1741432046409,86056.33,0.0001,True
1741432046409,86056.33,0.0001,True
1741432046409,86056.33,6e-05,True
1741432046409,86056.33,6e-05,True
1741432046409,86056.33,6e-05,True
1741432046409,86056.33,6e-05,True
1741432046409,86056.33,6e-05,True
1741432046409,86056.24,1e-05,True
1741432046409,86056.24,6e-05,True
1741432046409,86056.24,7e-05,True
1741432046409,86056.24,6e-05,True
1741432046409,86056.24,6e-05,True
1741432046409,86056.24,7e-05,True
1741432046409,86056.23,0.00776,True
1741432046409,86056.23,6e-05,True
1741432046409,86056.23,6e-05,True
1741432046409,86056.2,6e-05,True
1741432046409,86056.2,6e-05,True
1741432046409,86056.2,6e-05,True
1741432046409,86056.01,7e-05,True
1741432046409,86056.01,7e-05,True
1741432046409,86056.01,6e-05,True
1741432046409,86056.01,6e-05,True
1741432046409,86056.01,7e-05,True
1741432046412,86056.01,7e-05,False
1741432046412,86056.0,0.00079,True
1741432046415,86056.0,7e-05,True
1741432046418,86056.0,0.01355,True
1741432046418,86056.0,6e-05,True
1741432046418,86056.0,6e-05,True
1741432046418,86056.0,0.0001,True
1741432046418,86056.0,0.0001,True
1741432046418,86056.0,0.0001,True
1741432046418,86056.0,6e-05,True
1741432046418,86056.0,1e-05,True
1741432046418,86056.0,5e-05,True
1741432046418,86056.0,6e-05,True
1741432046418,86056.0,6e-05,True
1741432046418,86056.0,6e-05,True
1741432046418,86056.0,6e-05,True
1741432046418,86055.97,0.00012,True
1741432046418,86055.96,7e-05,True
1741432046418,86055.96,7e-05,True
1741432046418,86055.96,6e-05,True
1741432046418,86055.96,6e-05,True
1741432046418,86055.96,7e-05,True
1741432046424,86055.95,0.00126,True
1741432046466,86055.95,0.01036,True
1741432046466,86055.95,6e-05,True
1741432046466,86055.95,6e-05,True
1741432046466,86055.95,6e-05,True
1741432046466,86055.95,0.0001,True
1741432046466,86055.95,6e-05,True
1741432046466,86055.95,6e-05,True
1741432046466,86055.95,6e-05,True
1741432046466,86055.95,6e-05,True
1741432046466,86055.95,6e-05,True
1741432046466,86055.93,7e-05,True
1741432046466,86055.93,6e-05,True
1741432046466,86055.93,6e-05,True
1741432046466,86055.88,7e-05,True
1741432046466,86055.88,7e-05,True
1741432046466,86055.88,6e-05,True
1741432046466,86055.88,6e-05,True
1741432046466,86055.88,7e-05,True
1741432046471,86055.87,7e-05,True
1741432046479,86055.87,0.00802,True
1741432046479,86055.87,6e-05,True
1741432046479,86055.87,6e-05,True
1741432046479,86055.87,0.0001,True
1741432046479,86055.87,6e-05,True
1741432046479,86055.87,6e-05,True
1741432046479,86055.87,6e-05,True
1741432046479,86055.87,6e-05,True
1741432046481,86055.85,7e-05,True
1741432046481,86055.85,6e-05,True
1741432046481,86055.35,7e-05,True
1741432046481,86055.35,7e-05,True
1741432046481,86055.35,6e-05,True
1741432046481,86055.35,6e-05,True
1741432046481,86055.35,7e-05,True
1741432046481,86055.34,0.00688,True
1741432046482,86055.34,0.0004,True
1741432046482,86055.34,6e-05,True
1741432046482,86055.34,6e-05,True
1741432046482,86055.33,6e-05,True
1741432046482,86055.33,6e-05,True
1741432046482,86055.33,6e-05,True
1741432046482,86055.15,7e-05,True
1741432046482,86055.15,7e-05,True
1741432046482,86055.15,6e-05,True
1741432046482,86055.15,7e-05,True
1741432046482,86055.14,0.00437,True
1741432046482,86055.14,0.00091,True
1741432046482,86055.14,6e-05,True
1741432046484,86054.9,7e-05,True
1741432046486,86054.9,7e-05,True
1741432046486,86054.9,6e-05,True
1741432046486,86054.9,6e-05,True
1741432046486,86054.9,6e-05,True
1741432046486,86054.9,0.0001,True
1741432046486,86054.9,0.0001,True
1741432046486,86054.9,6e-05,True
1741432046486,86054.9,1e-05,True
1741432046486,86054.9,5e-05,True
1741432046486,86054.9,0.0001,True
1741432046486,86054.9,6e-05,True
1741432046486,86054.9,7e-05,True
1741432046486,86054.9,6e-05,True
1741432046492,86054.89,0.01059,True
1741432046492,86054.89,6e-05,True
1741432046492,86054.89,6e-05,True
1741432046494,86054.89,6e-05,True
1741432046494,86054.89,6e-05,True
1741432046494,86054.89,6e-05,True
1741432046494,86054.89,6e-05,True
1741432046494,86054.89,6e-05,True
1741432046494,86054.89,0.0001,True
1741432046494,86054.89,0.0001,True
1741432046494,86054.89,0.0001,True
1741432046494,86054.89,0.0001,True
1741432046494,86054.89,6e-05,True
1741432046494,86054.87,7e-05,True
1741432046494,86054.46,6e-05,True
1741432046494,86054.46,6e-05,True
1741432046494,86054.46,6e-05,True
1741432046494,86054.16,0.00029,True
1741432046497,86054.16,7e-05,True
1741432046498,86054.16,0.0007,True
1741432046523,86054.17,0.00017,False
1741432046589,86054.16,0.00015,True
1741432046592,86054.16,0.00015,True
1741432046611,86054.16,0.00015,True
1741432046613,86054.16,0.00015,True
1741432046626,86054.16,0.00015,True
1741432046634,86054.16,0.00015,True
1741432046635,86054.16,0.00015,True
1741432046638,86054.16,0.00015,True
1741432046644,86054.16,0.00015,True
1741432046654,86054.16,0.00015,True
1741432046654,86054.16,0.00015,True
1741432046662,86054.16,0.00015,True
1741432046753,86054.16,0.0002,True
1741432047039,86054.16,0.00024,True
1741432047041,86054.16,0.00024,True
1741432047198,86054.17,6e-05,False
1741432047208,86054.17,0.00016,False
1741432047213,86054.16,0.00808,True
1741432047213,86054.16,0.0001,True
1741432047213,86054.16,6e-05,True
1741432047213,86054.16,6e-05,True
1741432047213,86054.16,6e-05,True
1741432047213,86054.16,0.00014,True
1741432047213,86054.16,6e-05,True
1741432047213,86054.16,6e-05,True
1741432047213,86054.16,6e-05,True
1741432047213,86054.16,6e-05,True
1741432047213,86054.16,0.03895,True
1741432047233,86054.16,0.06105,True
1741432047233,86054.16,0.0001,True
1741432047233,86054.16,0.0001,True
1741432047233,86054.16,6e-05,True
1741432047233,86054.16,0.0001,True
1741432047233,86054.16,6e-05,True
1741432047233,86054.16,6e-05,True
1741432047233,86054.16,6e-05,True
1741432047233,86054.16,6e-05,True
1741432047233,86054.16,6e-05,True
1741432047233,86054.16,6e-05,True
1741432047233,86054.15,6e-05,True
1741432047233,86054.15,6e-05,True
1741432047233,86054.15,0.00011,True
1741432047233,86054.15,0.00011,True
1741432047233,86054.15,0.00011,True
1741432047233,86054.15,9e-05,True
1741432047233,86054.14,7e-05,True
1741432047233,86054.14,6e-05,True
1741432047233,86054.14,6e-05,True
1741432047233,86054.14,6e-05,True
1741432047233,86054.14,6e-05,True
1741432047233,86054.13,6e-05,True
1741432047233,86054.13,6e-05,True
1741432047233,86054.12,6e-05,True
1741432047233,86054.12,6e-05,True
1741432047233,86054.11,6e-05,True
1741432047233,86054.1,0.00014,True
1741432047233,86054.1,6e-05,True
1741432047233,86054.05,0.00014,True
1741432047233,86054.05,6e-05,True
1741432047233,86054.0,0.00013,True
1741432047233,86053.72,7e-05,True
1741432047233,86053.72,7e-05,True
1741432047233,86053.72,7e-05,True
1741432047233,86053.71,0.02281,True
1741432047233,86053.71,6e-05,True
1741432047233,86053.71,6e-05,True
1741432047233,86053.68,7e-05,True
1741432047233,86053.68,7e-05,True
1741432047233,86053.68,7e-05,True
1741432047233,86053.67,0.0009,True
1741432047237,86053.67,7e-05,True
1741432047587,86053.68,0.00116,False
1741432047763,86053.67,0.0002,True
1741432047900,86053.67,0.0002,True
1741432048140,86053.67,0.00609,True
1741432048140,86053.67,0.0001,True
1741432048140,86053.67,0.0001,True
1741432048140,86053.67,0.0001,True
1741432048140,86053.67,6e-05,True
1741432048140,86053.67,6e-05,True
1741432048140,86053.67,0.00054,True
1741432048140,86053.67,6e-05,True
1741432048140,86053.67,6e-05,True
1741432048140,86053.67,0.00014,True
1741432048140,86053.67,6e-05,True
1741432048140,86053.67,6e-05,True
1741432048140,86053.65,7e-05,True
1741432048140,86053.65,6e-05,True
1741432048140,86053.65,6e-05,True
1741432048140,86053.61,0.00013,True
1741432048140,86053.61,6e-05,True
1741432048140,86053.61,6e-05,True
1741432048140,86053.6,6e-05,True
1741432048140,86053.6,6e-05,True
1741432048140,86053.6,6e-05,True
1741432048140,86053.56,0.00013,True
1741432048140,86053.56,6e-05,True
1741432048140,86053.56,6e-05,True
1741432048140,86053.52,7e-05,True
1741432048140,86053.52,7e-05,True
1741432048140,86053.52,6e-05,True
1741432048140,86053.52,7e-05,True
1741432048140,86053.51,0.0107,True
1741432048140,86053.51,6e-05,True
1741432048140,86053.51,0.00014,True
1741432048140,86052.74,0.00015,True
1741432048140,86052.74,6e-05,True
1741432048140,86052.73,6e-05,True
1741432048140,86052.7,7e-05,True
1741432048140,86052.7,7e-05,True
1741432048140,86052.7,7e-05,True
1741432048140,86052.69,0.00011,True
1741432048140,86052.69,7e-05,True
1741432048140,86052.69,7e-05,True
1741432048140,86052.69,7e-05,True
1741432048140,86052.68,0.01329,True
1741432048143,86052.68,7e-05,True
1741432048143,86052.68,0.00031,True
1741432048143,86052.68,0.0001,True
1741432048143,86052.68,0.0001,True
1741432048143,86052.68,0.0001,True
1741432048143,86052.52,7e-05,True
1741432048143,86052.52,7e-05,True
1741432048143,86052.52,7e-05,True
1741432048143,86052.51,0.00465,True
1741432048143,86052.51,0.003,True
1741432048143,86052.46,7e-05,True
1741432048143,86052.46,7e-05,True
1741432048143,86052.46,7e-05,True
1741432048208,86052.45,0.00023,True
1741432048209,86052.45,0.00012,True
1741432048219,86052.45,0.00022,True
1741432048229,86052.45,0.00022,True
1741432048240,86052.45,0.00022,True
1741432048241,86052.46,0.00214,False
1741432048241,86052.46,0.00061,False
1741432048252,86052.45,0.00022,True
1741432048262,86052.45,0.00022,True
1741432048277,86052.45,0.00022,True
1741432048279,86052.45,0.00042,True
1741432048279,86052.45,0.00922,True
1741432048279,86052.45,6e-05,True
1741432048279,86052.45,6e-05,True
1741432048279,86052.45,0.0001,True
1741432048279,86052.45,0.0001,True
1741432048279,86052.45,0.0001,True
1741432048279,86052.45,6e-05,True
1741432048279,86052.45,6e-05,True
1741432048279,86052.45,6e-05,True
1741432048279,86052.45,6e-05,True
1741432048279,86052.45,6e-05,True
1741432048279,86052.45,0.00014,True
1741432048279,86052.45,6e-05,True
1741432048279,86052.44,9e-05,True
1741432048279,86052.44,6e-05,True
1741432048279,86052.44,6e-05,True
1741432048279,86052.43,6e-05,True
1741432048279,86052.43,6e-05,True
1741432048279,86052.39,0.00011,True
1741432048279,86052.39,2e-05,True
1741432048279,86052.39,6e-05,True
1741432048279,86052.39,6e-05,True
1741432048279,86052.17,7e-05,True
1741432048279,86052.17,7e-05,True
1741432048279,86052.17,6e-05,True
1741432048279,86052.17,6e-05,True
1741432048279,86052.17,7e-05,True
1741432048279,86052.16,0.00597,True
1741432048279,86052.16,6e-05,True
1741432048279,86052.01,6e-05,True
1741432048279,86051.93,7e-05,True
1741432048279,86051.93,7e-05,True
1741432048279,86051.93,6e-05,True
1741432048279,86051.93,7e-05,True
1741432048284,86051.92,0.0153,True
1741432048286,86051.92,0.00022,True
1741432048297,86051.92,0.00022,True
1741432048496,86051.92,0.00013,True
1741432048541,86051.92,0.00015,True
1741432048546,86051.92,0.0001,True
1741432048597,86051.92,0.00015,True
1741432048600,86051.92,0.00015,True
1741432048605,86051.93,0.00317,False
1741432048605,86051.93,0.009,False
1741432048634,86051.92,0.00325,True
1741432048634,86051.92,6e-05,True
1741432048634,86051.92,0.0001,True
1741432048634,86051.92,0.0001,True
1741432048634,86051.92,0.0001,True
1741432048634,86051.92,6e-05,True
1741432048634,86051.92,6e-05,True
1741432048634,86051.92,6e-05,True
1741432048634,86051.92,6e-05,True
1741432048634,86051.92,6e-05,True
1741432048634,86051.92,6e-05,True
1741432048634,86051.92,0.00014,True
1741432048634,86051.92,6e-05,True
1741432048634,86051.87,6e-05,True
1741432048634,86051.87,6e-05,True
1741432048634,86051.87,6e-05,True
1741432048634,86051.86,0.00013,True
1741432048634,86051.86,6e-05,True
1741432048634,86051.86,6e-05,True
1741432048634,86051.81,0.00013,True
1741432048634,86051.81,6e-05,True
1741432048634,86051.81,6e-05,True
1741432048634,86051.76,0.00013,True
1741432048634,86051.76,6e-05,True
1741432048634,86051.76,6e-05,True
1741432048634,86051.54,6e-05,True
1741432048634,86051.54,6e-05,True
1741432048634,86051.54,6e-05,True
1741432048634,86051.54,6e-05,True
1741432048634,86051.53,7e-05,True
1741432048634,86051.53,7e-05,True
1741432048634,86051.53,6e-05,True
1741432048634,86051.53,7e-05,True
1741432048634,86051.52,0.01403,True
1741432048634,86051.52,6e-05,True
1741432048634,86051.52,6e-05,True
1741432048634,86051.52,6e-05,True
1741432048634,86051.34,7e-05,True
1741432048634,86051.12,7e-05,True
1741432048634,86051.12,7e-05,True
1741432048634,86051.12,7e-05,True
1741432048634,86051.11,0.00496,True
1741432048634,86051.0,6e-05,True
1741432048634,86050.26,7e-05,True
1741432048634,86050.26,7e-05,True
1741432048634,86050.26,0.00017,True
1741432048634,86050.26,7e-05,True
1741432048634,86050.25,0.01336,True
1741432048642,86050.25,0.00015,True
1741432048646,86050.25,0.00015,True
1741432048685,86050.25,0.00015,True
1741432048687,86050.25,0.00015,True
1741432048704,86050.26,9e-05,False
1741432048720,86050.25,0.00015,True
1741432048726,86050.25,0.00015,True
1741432048762,86050.25,0.0002,True
1741432048763,86050.25,0.00015,True
1741432048770,86050.25,0.00015,True
1741432048802,86050.25,0.00015,True
1741432048812,86050.25,0.00015,True
1741432048845,86050.25,0.00015,True
1741432048848,86050.25,0.00015,True
1741432048887,86050.25,0.00015,True
1741432048889,86050.25,0.00015,True
1741432048924,86050.25,0.00015,True
1741432048926,86050.25,0.00015,True
1741432048959,86050.25,0.00015,True
1741432048965,86050.25,0.00015,True
1741432049000,86050.25,0.00015,True
1741432049002,86050.25,0.00015,True
1741432049020,86050.25,0.00314,True
1741432049020,86050.25,6e-05,True
1741432049020,86050.25,6e-05,True
1741432049020,86050.25,6e-05,True
1741432049020,86050.25,0.0001,True
1741432049020,86050.25,6e-05,True
1741432049020,86050.25,6e-05,True
1741432049020,86050.25,6e-05,True
1741432049020,86050.25,6e-05,True
1741432049020,86050.25,0.00013,True
1741432049020,86050.25,6e-05,True
1741432049020,86050.25,6e-05,True
1741432049020,86050.25,0.0002,True
1741432049020,86050.25,6e-05,True
1741432049020,86050.24,0.00011,True
1741432049020,86050.24,6e-05,True
1741432049020,86050.24,6e-05,True
1741432049020,86050.23,6e-05,True
1741432049020,86050.23,6e-05,True
1741432049020,86050.22,7e-05,True
1741432049020,86050.22,7e-05,True
1741432049020,86050.22,7e-05,True
1741432049020,86050.22,0.0001,True
1741432049020,86050.22,6e-05,True
1741432049020,86050.22,6e-05,True
1741432049020,86050.21,6e-05,True
1741432049020,86050.21,6e-05,True
1741432049020,86050.2,7e-05,True
1741432049020,86050.2,7e-05,True
1741432049020,86050.2,6e-05,True
1741432049020,86050.2,7e-05,True
1741432049020,86050.19,0.00566,True
1741432049032,86050.19,0.00015,True
1741432049036,86050.19,0.00015,True
1741432049175,86050.19,0.0028,True
1741432049175,86050.19,6e-05,True
1741432049175,86050.19,0.00014,True
1741432049175,86050.19,0.0001,True
1741432049175,86050.19,0.0001,True
1741432049175,86050.19,0.0001,True
1741432049175,86050.19,6e-05,True
1741432049175,86050.19,6e-05,True
1741432049175,86050.19,6e-05,True
1741432049175,86050.19,6e-05,True
1741432049175,86050.19,6e-05,True
1741432049175,86050.19,6e-05,True
1741432049175,86050.19,0.00014,True
1741432049175,86050.19,6e-05,True
1741432049175,86050.14,6e-05,True
1741432049175,86050.14,6e-05,True
1741432049175,86050.13,6e-05,True
1741432049175,86050.13,6e-05,True
1741432049175,86050.13,6e-05,True
1741432049175,86050.09,6e-05,True
1741432049175,86050.09,6e-05,True
1741432049175,86050.01,7e-05,True
1741432049175,86050.01,7e-05,True
1741432049175,86050.01,6e-05,True
1741432049175,86050.01,6e-05,True
1741432049175,86050.01,7e-05,True
1741432049175,86050.0,0.0046,True
1741432049175,86050.0,6e-05,True
1741432049175,86049.27,6e-05,True
1741432049175,86049.27,6e-05,True
1741432049175,86049.14,7e-05,True
1741432049175,86049.14,7e-05,True
1741432049175,86049.14,6e-05,True
1741432049175,86049.14,7e-05,True
1741432049183,86049.13,0.01892,True
1741432049183,86049.13,6e-05,True
1741432049183,86049.13,0.0001,True
1741432049183,86049.13,0.0001,True
1741432049183,86049.13,0.0001,True
1741432049183,86049.13,6e-05,True
1741432049183,86049.13,6e-05,True
1741432049183,86049.13,6e-05,True
1741432049183,86049.13,6e-05,True
1741432049183,86049.13,6e-05,True
1741432049183,86049.13,6e-05,True
1741432049183,86049.13,6e-05,True
1741432049183,86048.72,7e-05,True
1741432049183,86048.72,7e-05,True
1741432049183,86048.72,7e-05,True
1741432049183,86048.71,7e-05,True
1741432049183,86048.71,7e-05,True
1741432049183,86048.71,6e-05,True
1741432049183,86048.71,6e-05,True
1741432049183,86048.71,7e-05,True
1741432049186,86048.7,0.01514,True
1741432049186,86048.7,6e-05,True
1741432049245,86048.7,6e-05,True
1741432049245,86048.7,6e-05,True
1741432049245,86048.7,0.0001,True
1741432049245,86048.7,0.0001,True
1741432049245,86048.7,0.0001,True
1741432049245,86048.7,6e-05,True
1741432049245,86048.7,6e-05,True
1741432049245,86048.7,6e-05,True
1741432049245,86048.7,6e-05,True
1741432049245,86048.7,6e-05,True
1741432049245,86048.7,6e-05,True
1741432049245,86048.7,6e-05,True
1741432049245,86048.7,6e-05,True
1741432049245,86048.7,6e-05,True
1741432049245,86048.7,6e-05,True
1741432049245,86048.7,6e-05,True
1741432049245,86048.69,7e-05,True
1741432049245,86048.69,6e-05,True
1741432049245,86048.69,6e-05,True
1741432049245,86048.68,6e-05,True
1741432049245,86048.68,6e-05,True
1741432049245,86048.64,0.00013,True
1741432049245,86048.64,6e-05,True
1741432049245,86048.64,6e-05,True
1741432049245,86048.55,7e-05,True
1741432049245,86048.55,7e-05,True
1741432049245,86048.55,7e-05,True
1741432049245,86048.55,6e-05,True
1741432049245,86048.55,6e-05,True
1741432049245,86048.55,7e-05,True
1741432049245,86048.54,0.00361,True
1741432049245,86048.54,6e-05,True
1741432049245,86048.47,0.00058,True
1741432049245,86048.47,7e-05,True
1741432049245,86048.47,7e-05,True
1741432049245,86048.47,6e-05,True
1741432049245,86048.47,7e-05,True
1741432049245,86048.46,0.00259,True
1741432049245,86048.46,0.00741,True
1741432049245,86048.46,6e-05,True
1741432049245,86048.35,7e-05,True
1741432049245,86048.35,7e-05,True
1741432049245,86048.35,7e-05,True
1741432049245,86048.34,0.01513,True
1741432049245,86048.34,6e-05,True
1741432049245,86048.34,6e-05,True
1741432049245,86048.01,0.00012,True
1741432049245,86047.87,7e-05,True
1741432049245,86047.87,7e-05,True
1741432049245,86047.87,0.00011,True
1741432049245,86047.87,7e-05,True
1741432049245,86047.86,0.00166,True
1741432049245,86047.86,0.01803,True
1741432049245,86047.86,6e-05,True
1741432049245,86047.86,6e-05,True
1741432049245,86047.78,0.00186,True
1741432049245,86047.55,0.00621,True
1741432049245,86047.49,0.00421,True
1741432049245,86047.26,0.003,True
1741432049245,86047.2,0.00778,True
1741432049246,86047.2,0.00047,True
1741432049246,86047.17,0.01948,True
1741432049246,86046.55,0.00327,True
1741432049247,86046.55,0.00022,True
1741432049248,86046.55,0.01038,True
1741432049248,86046.55,6e-05,True
1741432049248,86046.55,6e-05,True
1741432049248,86046.01,0.00019,True
1741432049248,86046.0,6e-05,True
1741432049248,86046.0,6e-05,True
1741432049248,86045.69,0.01672,True
1741432049248,86045.69,6e-05,True
1741432049248,86045.69,6e-05,True
1741432049248,86045.66,7e-05,True
1741432049249,86045.08,0.01054,True
1741432049249,86044.6,0.01614,True
1741432049249,86044.6,6e-05,True
1741432049249,86044.6,6e-05,True
1741432049249,86044.4,7e-05,True
1741432049249,86044.4,7e-05,True
1741432049249,86044.4,7e-05,True
1741432049249,86044.39,6e-05,True
1741432049249,86044.39,6e-05,True
1741432049249,86044.35,0.0004,True
1741432049249,86044.35,0.00058,True
1741432049249,86044.34,0.00653,True
1741432049249,86043.96,0.00796,True
1741432049249,86043.96,0.00525,True
1741432049249,86043.87,0.00012,True
1741432049249,86043.61,0.00714,True
1741432049249,86043.4,0.00083,True
1741432049249,86043.33,0.00011,True
1741432049249,86043.32,0.00177,True
1741432049249,86043.32,0.00773,True
1741432049249,86043.32,0.00212,True
1741432049249,86042.83,0.016,True
1741432049249,86042.83,0.00585,True
1741432049249,86042.48,0.00012,True
1741432049249,86042.11,0.01403,True
1741432049250,86042.11,0.00993,True
1741432049250,86042.0,7e-05,True
1741432049250,86042.0,0.02317,True
1741432049250,86042.0,0.014,True
1741432049250,86041.51,0.00283,True
1741432049251,86042.0,6e-05,True
1741432049251,86042.0,6e-05,True
1741432049251,86041.51,0.0033,True
1741432049251,86041.45,0.00158,True
1741432049251,86041.45,0.01774,True
1741432049251,86040.87,0.01134,True
1741432049265,86040.87,0.00044,True
1741432049269,86040.87,0.0002,True
1741432049294,86040.87,0.00022,True
1741432049420,86040.88,0.0002,False
1741432049874,86040.87,0.00174,True
1741432050122,86040.88,0.00016,False
1741432050271,86040.87,0.0002,True
1741432050276,86040.87,0.00011,True
1741432050351,86040.88,0.0001,False
1741432050703,86040.88,0.0018,False
1741432050703,86040.88,0.07586,False
1741432050726,86040.87,0.00031,True
1741432050773,86040.87,0.0002,True
1741432050779,86040.87,0.00031,True
1741432050781,86040.87,0.00031,True
1741432050785,86040.87,0.00031,True
1741432050785,86040.87,0.00031,True
1741432050785,86040.87,0.00031,True
1741432050786,86040.88,0.00022,False
1741432050786,86040.87,0.00029,True
1741432050787,86040.87,0.00031,True
1741432050789,86040.87,0.00031,True
1741432050790,86040.87,0.00031,True
1741432050792,86040.87,0.00031,True
1741432050794,86040.87,0.00031,True
1741432050798,86040.87,0.00031,True
1741432050803,86040.87,0.00031,True
1741432050990,86040.87,0.00019,True
1741432050990,86040.87,6e-05,True
1741432050990,86040.87,0.0001,True
1741432050990,86040.87,0.0001,True
1741432050990,86040.87,0.0001,True
1741432050990,86040.87,0.00013,True
1741432050990,86040.87,6e-05,True
1741432050990,86040.87,6e-05,True
1741432050990,86040.87,6e-05,True
1741432050990,86040.87,6e-05,True
1741432050990,86040.87,6e-05,True
1741432050990,86040.87,6e-05,True
1741432050990,86040.87,0.00056,True
1741432050990,86040.87,0.0001,True
1741432050990,86040.87,6e-05,True
1741432050990,86040.86,0.00039,True
1741432050990,86040.86,6e-05,True
1741432050990,86040.86,6e-05,True
1741432050990,86040.86,0.00057,True
1741432050990,86040.85,6e-05,True
1741432050990,86040.85,6e-05,True
1741432050990,86040.81,0.00013,True
1741432050990,86040.81,6e-05,True
1741432050990,86040.81,6e-05,True
1741432050990,86040.76,0.00014,True
1741432050990,86040.76,6e-05,True
1741432050990,86040.76,6e-05,True
1741432050990,86040.74,7e-05,True
1741432050990,86040.74,7e-05,True
1741432050990,86040.74,6e-05,True
1741432050990,86040.74,7e-05,True
1741432050990,86040.73,7e-05,True
1741432050990,86040.73,7e-05,True
1741432050990,86040.73,6e-05,True
1741432050990,86040.73,0.0004,True
1741432050990,86040.73,0.0004,True
1741432050990,86040.73,0.0004,True
1741432050990,86040.73,0.00071,True
1741432050990,86040.73,7e-05,True
1741432050990,86040.72,0.01201,True
1741432051077,86040.72,0.00657,True
1741432051077,86040.72,6e-05,True
1741432051077,86040.72,6e-05,True
1741432051077,86040.72,0.0001,True
1741432051077,86040.72,0.0001,True
1741432051077,86040.72,0.0001,True
1741432051077,86040.72,6e-05,True
1741432051077,86040.72,6e-05,True
1741432051077,86040.72,6e-05,True
1741432051077,86040.72,6e-05,True
1741432051077,86040.72,0.00062,True
1741432051077,86040.72,6e-05,True
1741432051077,86040.72,6e-05,True
1741432051077,86040.71,0.00014,True
1741432051077,86040.71,0.00058,True
1741432051077,86040.71,6e-05,True
1741432051077,86040.71,6e-05,True
1741432051077,86040.66,0.00014,True
1741432051077,86040.66,6e-05,True
1741432051077,86040.66,6e-05,True
1741432051077,86040.6,6e-05,True
1741432051077,86040.6,6e-05,True
1741432051077,86040.6,6e-05,True
1741432051077,86040.51,0.00046,True
1741432051077,86040.51,6e-05,True
1741432051077,86040.51,6e-05,True
1741432051077,86040.07,0.00012,True
1741432051077,86040.07,6e-05,True
1741432051077,86039.92,7e-05,True
1741432051077,86039.92,7e-05,True
1741432051077,86039.92,6e-05,True
1741432051077,86039.92,7e-05,True
1741432051082,86039.91,0.01688,True
1741432051082,86039.91,6e-05,True
1741432051082,86039.91,6e-05,True
1741432051082,86039.91,0.0001,True
1741432051082,86039.91,0.0001,True
1741432051082,86039.91,6e-05,True
1741432051082,86039.91,6e-05,True
1741432051082,86039.91,6e-05,True
1741432051082,86039.91,0.0019,True
1741432051082,86039.91,0.01,True
1741432051100,86039.91,0.0881,True
1741432051100,86039.91,0.0001,True
1741432051100,86039.91,6e-05,True
1741432051100,86039.91,6e-05,True
1741432051100,86039.91,0.00147,True
1741432051100,86039.91,6e-05,True
1741432051100,86039.91,0.00156,True
1741432051100,86039.91,0.00553,True
1741432051100,86039.91,6e-05,True
1741432051100,86039.91,6e-05,True
1741432051100,86039.91,0.0001,True
1741432051100,86039.91,0.0001,True
1741432051100,86039.91,6e-05,True
1741432051100,86039.91,6e-05,True
1741432051100,86039.91,0.00014,True
1741432051100,86039.91,6e-05,True
1741432051100,86039.9,0.00056,True
1741432051100,86039.9,6e-05,True
1741432051100,86039.9,6e-05,True
1741432051100,86039.74,6e-05,True
1741432051100,86039.74,6e-05,True
1741432051100,86039.74,6e-05,True
1741432051100,86039.6,6e-05,True
1741432051100,86039.6,6e-05,True
1741432051100,86039.6,6e-05,True
1741432051100,86039.6,6e-05,True
1741432051100,86039.6,6e-05,True
1741432051100,86039.59,7e-05,True
1741432051100,86039.59,7e-05,True
1741432051100,86039.59,6e-05,True
1741432051100,86039.59,6e-05,True
1741432051100,86039.59,7e-05,True
1741432051100,86039.58,0.01025,True
1741432051100,86039.58,0.00892,True
1741432051100,86039.58,6e-05,True
1741432051100,86039.58,6e-05,True
1741432051100,86039.58,6e-05,True
1741432051100,86039.09,0.00368,True
1741432051100,86039.09,6e-05,True
1741432051152,86038.89,7e-05,True
1741432051152,86038.89,7e-05,True
1741432051152,86038.89,6e-05,True
1741432051152,86038.89,6e-05,True
1741432051152,86038.89,2e-05,True
1741432051166,86038.89,8e-05,True
1741432051166,86038.89,0.0001,True
1741432051166,86038.89,6e-05,True
1741432051166,86038.89,6e-05,True
1741432051166,86038.89,6e-05,True
1741432051166,86038.89,6e-05,True
1741432051166,86038.89,6e-05,True
1741432051166,86038.89,6e-05,True
1741432051166,86038.89,0.0001,True
1741432051166,86038.89,7e-05,True
1741432051166,86038.89,6e-05,True
1741432051166,86038.89,6e-05,True
1741432051166,86038.89,7e-05,True
1741432051166,86038.89,6e-05,True
1741432051166,86038.89,7e-05,True
1741432051173,86038.88,0.01319,True
1741432051173,86038.88,6e-05,True
1741432051173,86038.88,6e-05,True
1741432051173,86038.88,6e-05,True
1741432051173,86038.88,0.0001,True
1741432051173,86038.88,6e-05,True
1741432051173,86038.88,0.0001,True
1741432051173,86038.88,0.0001,True
1741432051173,86038.88,6e-05,True
1741432051173,86038.88,6e-05,True
1741432051173,86038.88,6e-05,True
1741432051173,86038.88,6e-05,True
1741432051173,86038.87,6e-05,True
1741432051173,86038.87,6e-05,True
1741432051173,86038.87,6e-05,True
1741432051173,86038.87,7e-05,True
1741432051173,86038.86,0.0001,True
1741432051173,86038.83,7e-05,True
1741432051173,86038.83,6e-05,True
1741432051173,86038.83,6e-05,True
1741432051173,86038.81,7e-05,True
1741432051173,86038.81,7e-05,True
1741432051173,86038.81,6e-05,True
1741432051173,86038.81,6e-05,True
1741432051173,86038.81,7e-05,True
1741432051174,86038.8,0.00179,True
1741432051175,86038.81,9e-05,False
1741432051203,86038.8,0.0151,True
1741432051203,86038.8,6e-05,True
1741432051203,86038.8,6e-05,True
1741432051203,86038.8,6e-05,True
1741432051203,86038.8,0.0001,True
1741432051203,86038.8,0.0001,True
1741432051203,86038.8,0.0001,True
1741432051203,86038.8,6e-05,True
1741432051203,86038.8,6e-05,True
1741432051203,86038.8,6e-05,True
1741432051203,86038.8,6e-05,True
1741432051203,86038.8,6e-05,True
1741432051203,86038.78,0.00013,True
1741432051203,86038.78,6e-05,True
1741432051203,86038.78,6e-05,True
1741432051203,86038.73,7e-05,True
1741432051203,86038.73,7e-05,True
1741432051203,86038.73,6e-05,True
1741432051203,86038.73,6e-05,True
1741432051203,86038.73,7e-05,True
1741432051203,86038.72,0.00876,True
1741432051203,86038.72,6e-05,True
1741432051203,86038.72,0.00014,True
1741432051203,86038.72,6e-05,True
1741432051203,86038.64,7e-05,True
1741432051203,86038.64,7e-05,True
1741432051203,86038.64,6e-05,True
1741432051203,86038.64,6e-05,True
1741432051203,86038.64,7e-05,True
1741432051203,86038.63,0.01419,True
1741432051220,86038.63,0.00216,True
1741432051222,86038.63,0.00177,True
1741432051222,86038.63,6e-05,True
1741432051222,86038.63,6e-05,True
1741432051222,86038.63,0.0001,True
1741432051222,86038.63,0.0001,True
1741432051222,86038.63,6e-05,True
1741432051222,86038.63,6e-05,True
1741432051222,86038.63,6e-05,True
1741432051222,86038.63,6e-05,True
1741432051222,86038.63,6e-05,True
1741432051222,86038.63,0.0001,True
1741432051222,86038.63,6e-05,True
1741432051222,86038.01,8e-05,True
1741432051222,86038.01,8e-05,True
1741432051222,86038.01,8e-05,True
1741432051222,86038.01,6e-05,True
1741432051222,86038.01,6e-05,True
1741432051222,86037.98,7e-05,True
1741432051222,86037.98,7e-05,True
1741432051222,86037.98,6e-05,True
1741432051222,86037.98,6e-05,True
1741432051222,86037.98,7e-05,True
1741432051246,86037.97,0.00108,True
1741432051315,86037.97,0.00445,True
1741432051339,86037.97,0.00028,True
1741432051375,86037.97,0.00016,True
1741432051438,86037.97,0.005,True
1741432051478,86037.97,0.0128,True
1741432051478,86037.97,6e-05,True
1741432051478,86037.97,6e-05,True
1741432051478,86037.97,0.0001,True
1741432051478,86037.97,6e-05,True
1741432051478,86037.97,6e-05,True
1741432051478,86037.97,6e-05,True
1741432051478,86037.97,6e-05,True
1741432051478,86037.97,6e-05,True
1741432051478,86037.97,0.00013,True
1741432051478,86037.97,6e-05,True
1741432051478,86037.97,6e-05,True
1741432051478,86037.97,6e-05,True
1741432051478,86037.91,7e-05,True
1741432051478,86037.91,7e-05,True
1741432051478,86037.91,6e-05,True
1741432051478,86037.91,6e-05,True
1741432051478,86037.91,0.00014,True
1741432051478,86037.91,7e-05,True
1741432051478,86037.9,0.00186,True
1741432051478,86037.9,6e-05,True
1741432051478,86037.9,6e-05,True
1741432051478,86037.86,0.00013,True
1741432051478,86037.86,6e-05,True
1741432051478,86037.86,6e-05,True
1741432051478,86037.81,0.00014,True
1741432051478,86037.81,6e-05,True
1741432051478,86037.81,6e-05,True
1741432051478,86037.71,0.00012,True
1741432051478,86037.71,6e-05,True
1741432051478,86037.58,7e-05,True
1741432051478,86037.58,7e-05,True
1741432051478,86037.58,6e-05,True
1741432051478,86037.58,7e-05,True
1741432051478,86037.57,0.00976,True
1741432051478,86037.57,6e-05,True
1741432051478,86036.68,7e-05,True
1741432051478,86036.68,7e-05,True
1741432051478,86036.68,7e-05,True
1741432051478,86036.67,0.02224,True
1741432051478,86036.67,6e-05,True
1741432051478,86036.67,6e-05,True
1741432051478,86035.8,7e-05,True
1741432051478,86035.8,7e-05,True
1741432051478,86035.8,7e-05,True
1741432051478,86035.79,0.00661,True
1741432051772,86035.79,0.0002,True
1741432051782,86035.79,0.003,True
1741432051911,86035.8,0.00015,False
1741432051919,86035.8,0.00258,False
1741432052070,86035.79,0.00103,True
1741432052070,86035.79,6e-05,True
1741432052070,86035.79,0.0001,True
1741432052070,86035.79,0.0001,True
1741432052070,86035.79,0.0001,True
1741432052070,86035.79,6e-05,True
1741432052070,86035.79,6e-05,True
1741432052070,86035.79,0.00013,True
1741432052070,86035.79,6e-05,True
1741432052070,86035.79,6e-05,True
1741432052070,86035.79,6e-05,True
1741432052070,86035.79,6e-05,True
1741432052070,86035.79,0.00877,True
1741432052070,86035.79,0.01,True
1741432052501,86035.79,0.013,True
1741432052544,86035.79,0.00118,True
1741432052690,86035.79,0.00014,True
1741432052737,86035.79,0.017,True
1741432052772,86035.79,0.0002,True
1741432052854,86035.79,0.002,True
1741432053444,86035.79,0.00022,True
1741432053774,86035.79,0.0002,True
1741432053802,86035.8,0.00031,False
1741432053990,86035.79,0.00547,True
1741432054044,86035.79,0.00024,True
1741432054777,86035.79,0.0002,True
1741432055066,86035.8,0.0001,False
1741432055119,86035.8,0.0003,False
1741432055171,86035.8,0.00064,False
1741432055269,86035.79,0.00063,True
1741432055438,86035.8,0.00116,False
1741432056031,86035.79,0.00016,True
1741432056031,86035.79,6e-05,True
1741432056031,86035.79,0.0001,True
1741432056031,86035.79,0.0001,True
1741432056031,86035.79,0.0001,True
1741432056031,86035.79,6e-05,True
1741432056031,86035.79,6e-05,True
1741432056031,86035.79,6e-05,True
1741432056031,86035.79,6e-05,True
1741432056031,86035.79,6e-05,True
1741432056031,86035.79,6e-05,True
1741432056031,86035.79,0.00013,True
1741432056031,86035.79,0.00098,True
1741432056031,86035.79,0.00124,True
1741432056031,86035.79,0.00116,True
1741432056031,86035.79,0.0076,True
1741432056042,86035.79,0.00125,True
1741432056069,86035.79,0.00614,True
1741432056169,86035.79,0.00222,True
1741432056283,86035.79,0.0002,True
1741432056505,86035.79,0.00015,True
1741432056514,86035.79,0.00015,True
1741432056519,86035.79,0.00015,True
1741432056547,86035.79,0.00015,True
1741432056547,86035.79,0.00015,True
1741432056547,86035.79,0.00015,True
1741432056549,86035.79,0.00015,True
1741432056557,86035.79,0.00015,True
1741432056565,86035.79,0.00015,True
1741432056572,86035.79,0.00015,True
1741432056587,86035.79,0.00015,True
1741432056587,86035.79,0.00015,True
1741432056594,86035.79,0.00015,True
1741432056794,86035.8,0.00116,False
1741432056843,86035.79,0.04,True
1741432056897,86035.79,0.00045,True
1741432056897,86035.79,0.00015,True
1741432056897,86035.79,0.0001,True
1741432056897,86035.79,0.0001,True
1741432056897,86035.79,6e-05,True
1741432056897,86035.79,6e-05,True
1741432056897,86035.79,6e-05,True
1741432056897,86035.79,6e-05,True
1741432056897,86035.79,6e-05,True
1741432056897,86035.79,6e-05,True
1741432056897,86035.79,6e-05,True
1741432056897,86035.79,0.0001,True
1741432056897,86035.79,0.00014,True
1741432056897,86035.79,6e-05,True
1741432056897,86035.78,6e-05,True
1741432056897,86035.78,6e-05,True
1741432056897,86035.77,6e-05,True
1741432056897,86035.77,6e-05,True
1741432056897,86035.73,0.00013,True
1741432056897,86035.73,6e-05,True
1741432056897,86035.73,6e-05,True
1741432056897,86035.71,7e-05,True
1741432056897,86035.71,7e-05,True
1741432056897,86035.71,6e-05,True
1741432056897,86035.71,6e-05,True
1741432056897,86035.71,0.00011,True
1741432056897,86035.71,0.00011,True
1741432056897,86035.71,0.00011,True
1741432056897,86035.71,7e-05,True
1741432056928,86035.71,0.00035,False
1741432058167,86035.7,0.02483,True
1741432058167,86035.7,6e-05,True
1741432058167,86035.7,6e-05,True
1741432058167,86035.7,0.0001,True
1741432058167,86035.7,0.0001,True
1741432058167,86035.7,0.0001,True
1741432058167,86035.7,6e-05,True
1741432058167,86035.7,6e-05,True
1741432058167,86035.7,6e-05,True
1741432058167,86035.7,6e-05,True
1741432058167,86035.7,0.00014,True
1741432058167,86035.7,6e-05,True
1741432058167,86035.7,0.04849,True
1741432058167,86035.7,0.01,True
1741432058462,86035.7,0.01501,True
1741432058462,86035.7,0.025,True
1741432058462,86035.7,0.01514,True
1741432058648,86035.7,0.00029,True
1741432058677,86035.7,0.04,True
1741432058956,86035.7,6e-05,True
1741432058956,86035.7,0.0001,True
1741432058956,86035.7,0.0001,True
1741432058956,86035.7,6e-05,True
1741432058956,86035.7,0.0001,True
1741432058956,86035.7,6e-05,True
1741432058956,86035.7,6e-05,True
1741432058956,86035.7,6e-05,True
1741432058956,86035.7,6e-05,True
1741432058956,86035.7,6e-05,True
1741432058956,86035.7,0.00013,True
1741432058956,86035.69,6e-05,True
1741432058956,86035.69,6e-05,True
1741432058956,86035.68,6e-05,True
1741432058956,86035.68,6e-05,True
1741432058956,86035.67,7e-05,True
1741432058956,86035.67,7e-05,True
1741432058956,86035.67,6e-05,True
1741432058956,86035.67,6e-05,True
1741432058956,86035.67,0.0015,True
1741432058956,86035.67,7e-05,True
1741432059004,86035.66,0.00015,True
1741432059407,86035.66,0.0046,True
1741432059415,86035.66,0.0106,True
1741432059420,86035.66,0.0046,True
1741432059464,86035.66,0.00118,True
1741432059467,86035.66,0.00231,True
1741432059467,86035.66,6e-05,True
1741432059467,86035.66,6e-05,True
1741432059467,86035.66,6e-05,True
1741432059467,86035.66,0.0001,True
1741432059467,86035.66,0.0001,True
1741432059467,86035.66,0.0001,True
1741432059467,86035.66,6e-05,True
1741432059467,86035.66,6e-05,True
1741432059467,86035.66,6e-05,True
1741432059467,86035.66,6e-05,True
1741432059467,86035.66,0.00014,True
1741432059467,86035.66,6e-05,True
1741432059467,86035.66,6e-05,True
1741432059467,86035.66,6e-05,True
1741432059467,86035.64,6e-05,True
1741432059467,86035.64,6e-05,True
1741432059467,86035.63,6e-05,True
1741432059467,86035.63,6e-05,True
1741432059467,86035.6,0.00013,True
1741432059467,86035.6,6e-05,True
1741432059467,86035.6,6e-05,True
1741432059467,86035.59,7e-05,True
1741432059467,86035.59,7e-05,True
1741432059467,86035.59,6e-05,True
1741432059467,86035.59,6e-05,True
1741432059467,86035.59,7e-05,True
1741432059467,86035.58,0.02573,True
1741432059467,86035.58,6e-05,True
1741432059467,86035.58,6e-05,True
1741432059467,86035.58,6e-05,True
1741432059467,86035.55,0.00014,True
1741432059467,86035.55,6e-05,True
1741432059467,86035.54,6e-05,True
1741432059467,86035.5,0.00013,True
1741432059467,86035.46,7e-05,True
1741432059467,86035.46,7e-05,True
1741432059467,86035.46,7e-05,True
1741432059467,86035.45,0.01442,True
1741432059467,86035.45,0.00016,True
1741432059467,86035.45,6e-05,True
1741432059467,86035.45,6e-05,True
1741432059468,86035.27,7e-05,True
1741432059468,86035.27,7e-05,True
1741432059468,86035.27,7e-05,True
1741432059468,86035.26,0.0201,True
1741432059468,86035.26,6e-05,True
1741432059468,86035.26,6e-05,True
1741432059468,86034.68,0.00518,True
1741432059468,86034.54,6e-05,True
1741432059468,86034.08,7e-05,True
1741432059468,86034.08,7e-05,True
1741432059468,86034.08,7e-05,True
1741432059468,86034.07,0.01462,True
1741432059471,86034.07,0.0067,True
1741432059471,86034.07,6e-05,True
1741432059471,86034.07,6e-05,True
1741432059471,86034.07,6e-05,True
1741432059471,86034.0,6e-05,True
1741432059471,86033.99,7e-05,True
1741432059471,86033.99,7e-05,True
1741432059471,86033.99,7e-05,True
1741432059471,86033.98,0.01285,True
1741432059473,86033.98,0.00958,True
1741432059473,86033.98,6e-05,True
1741432059473,86033.98,6e-05,True
1741432059473,86033.98,6e-05,True
1741432059473,86033.98,6e-05,True
1741432059473,86033.62,7e-05,True
1741432059473,86033.62,7e-05,True
1741432059473,86033.62,7e-05,True
1741432059473,86033.62,6e-05,True
1741432059473,86033.62,6e-05,True
1741432059473,86033.62,7e-05,True
1741432059473,86033.61,0.01105,True
1741432059473,86033.61,6e-05,True
1741432059473,86033.61,6e-05,True
1741432059473,86033.27,0.00042,True
1741432059473,86033.27,6e-05,True
1741432059473,86033.19,7e-05,True
1741432059473,86033.19,7e-05,True
1741432059473,86033.19,7e-05,True
1741432059473,86033.18,0.007,True
1741432059523,86033.18,0.00494,True
1741432059523,86033.18,6e-05,True
1741432059523,86033.18,6e-05,True
1741432059523,86033.18,6e-05,True
1741432059523,86033.18,0.0001,True
1741432059523,86033.18,0.0001,True
1741432059523,86033.18,0.0001,True
1741432059523,86033.18,6e-05,True
1741432059523,86033.18,6e-05,True
1741432059523,86033.18,6e-05,True
1741432059523,86033.18,6e-05,True
1741432059523,86033.18,6e-05,True
1741432059523,86033.18,6e-05,True
1741432059523,86033.18,6e-05,True
1741432059523,86033.18,6e-05,True
1741432059523,86033.18,0.00013,True
1741432059523,86033.18,0.00014,True
1741432059523,86033.18,6e-05,True
1741432059523,86033.17,6e-05,True
1741432059523,86033.17,6e-05,True
1741432059523,86033.12,0.00014,True
1741432059523,86032.71,9e-05,True
1741432059523,86032.71,0.00015,True
1741432059523,86032.71,6e-05,True
1741432059523,86032.71,6e-05,True
1741432059523,86032.71,0.00015,True
1741432059523,86032.71,0.00015,True
1741432059523,86032.7,6e-05,True
1741432059523,86032.7,6e-05,True
1741432059523,86032.69,6e-05,True
1741432059523,86032.69,6e-05,True
1741432059523,86032.68,7e-05,True
1741432059523,86032.68,7e-05,True
1741432059523,86032.68,6e-05,True
1741432059523,86032.68,7e-05,True
1741432059523,86032.67,0.01915,True
1741432059523,86032.67,6e-05,True
1741432059523,86032.67,6e-05,True
1741432059523,86032.67,6e-05,True
1741432059523,86032.03,6e-05,True
1741432059523,86031.83,7e-05,True
1741432059523,86031.83,7e-05,True
1741432059523,86031.83,7e-05,True
1741432059523,86031.82,0.00643,True
1741432059523,86031.81,7e-05,True
1741432059523,86031.81,7e-05,True
1741432059523,86031.81,7e-05,True
1741432059523,86031.8,0.02273,True
1741432059523,86031.8,6e-05,True
1741432059523,86031.8,6e-05,True
1741432059523,86031.61,7e-05,True
1741432059523,86031.61,7e-05,True
1741432059523,86031.61,7e-05,True
1741432059523,86031.6,0.00364,True
1741432059580,86031.6,0.00116,True
1741432059591,86031.6,0.00023,True
1741432059594,86031.6,9e-05,True
1741432059689,86031.61,0.00107,False
1741432059786,86031.6,0.0002,True
1741432059834,86031.61,0.00116,False
1741432060234,86031.61,0.00116,False
1741432060236,86031.6,0.00019,True
1741432060306,86031.6,0.00019,True
1741432060703,86031.61,0.05083,False
1741432060750,86031.61,0.00118,False
1741432061078,86031.61,0.0017,False
1741432061108,86031.6,0.0001,True
1741432061436,86031.61,6e-05,False
1741432061546,86031.6,0.00044,True
1741432061936,86031.6,0.00114,True
1741432062118,86031.61,0.00035,False
1741432062262,86031.6,6e-05,True
1741432062262,86031.6,0.0001,True
1741432062262,86031.6,0.0001,True
1741432062262,86031.6,0.0001,True
1741432062262,86031.6,6e-05,True
1741432062262,86031.6,6e-05,True
1741432062262,86031.6,6e-05,True
1741432062262,86031.6,8e-05,True
1741432062262,86031.6,6e-05,True
1741432062262,86031.6,0.00014,True
1741432062262,86031.6,6e-05,True
1741432062262,86031.6,0.00563,True
1741432062262,86031.6,0.01,True
1741432062356,86031.61,0.00058,False
1741432062744,86031.61,6e-05,False
1741432062933,86031.61,0.00051,False
1741432063226,86031.61,0.00028,False
1741432063433,86031.6,0.00116,True
1741432063596,86031.61,0.0001,False
1741432064007,86031.6,0.00046,True
1741432064089,86031.61,0.00623,False
1741432066648,86031.61,0.00029,False
1741432067178,86031.61,6e-05,False
1741432067548,86031.61,0.00116,False
1741432067751,86031.6,0.00134,True
1741432067850,86031.61,0.00115,False
1741432068608,86031.6,0.00063,True
1741432068671,86031.61,6e-05,False
1741432068772,86031.6,0.0001,True
1741432069215,86031.61,0.00027,False
1741432069343,86031.6,0.00076,True
1741432069495,86031.61,0.02212,False
1741432070061,86031.61,0.00018,False
1741432070314,86031.61,0.00296,False
1741432070703,86031.61,0.08339,False
1741432071443,86031.61,0.01068,False
1741432071444,86031.61,0.00102,False
1741432071444,86031.61,0.00508,False
1741432071444,86031.61,0.00605,False
1741432071444,86031.61,0.00481,False
1741432071445,86031.61,0.00102,False
1741432071445,86031.61,0.00024,False
1741432071445,86031.61,0.01068,False
1741432071445,86031.61,0.00024,False
1741432071445,86031.61,0.00024,False
1741432071445,86031.61,0.00605,False
1741432071445,86031.61,0.00024,False
1741432071445,86031.61,0.00101,False
1741432071445,86031.61,0.00024,False
1741432071446,86031.61,0.01459,False
1741432071446,86031.61,0.00605,False
1741432071446,86031.61,0.00508,False
1741432071446,86031.61,0.00481,False
1741432071447,86031.61,0.00192,False
1741432071448,86031.61,0.01458,False
1741432071448,86031.61,0.00729,False
1741432071462,86031.61,0.00166,False
1741432071463,86031.61,0.0006,False
1741432071465,86031.61,0.0006,False
1741432071605,86031.61,0.00127,False
1741432071754,86031.61,6e-05,False
1741432071908,86031.6,0.00115,True
1741432071939,86031.61,0.0003,False
1741432072338,86031.6,0.00191,True
1741432072720,86031.6,0.00078,True
1741432072865,86031.6,0.00079,True
1741432072892,86031.6,0.00055,True
1741432073382,86031.6,0.00185,True
1741432073620,86031.61,0.00016,False
1741432074180,86031.6,0.00025,True
1741432074690,86031.6,0.00172,True
1741432074742,86031.61,0.00018,False
1741432074883,86031.61,0.00019,False
1741432074937,86031.61,0.00045,False
1741432075072,86031.61,6e-05,False
1741432075402,86031.61,0.00019,False
1741432076099,86031.61,6e-05,False
1741432077204,86031.61,0.00035,False
1741432077248,86031.61,0.0002,False
1741432077738,86031.6,0.00025,True
1741432077941,86031.61,0.00125,False
1741432078029,86031.6,0.00195,True
1741432078029,86031.6,0.00032,True
1741432079029,86031.61,0.00139,False
1741432079372,86031.6,0.00015,True
1741432079375,86031.6,0.00015,True
1741432079395,86031.6,0.00015,True
1741432079398,86031.6,0.00015,True
1741432079402,86031.6,0.00015,True
1741432079402,86031.6,0.00015,True
1741432079407,86031.6,0.00015,True
1741432079410,86031.6,0.00116,True
1741432079416,86031.6,0.00015,True
1741432079420,86031.6,0.00015,True
1741432079435,86031.6,0.00015,True
1741432079447,86031.6,0.00015,True
1741432079452,86031.6,0.00015,True
1741432079578,86031.61,0.00012,False
1741432079716,86031.6,0.01125,True
1741432080023,86031.61,0.00115,False
1741432080104,86031.6,0.0002,True
1741432080256,86031.6,0.00366,True
1741432080397,86031.61,0.0001,False
1741432080464,86031.6,0.05033,True
1741432080464,86031.6,0.00304,True
1741432080464,86031.6,6e-05,True
1741432080464,86031.6,0.00013,True
1741432080464,86031.6,0.00217,True
1741432080464,86031.6,6e-05,True
1741432080464,86031.6,0.02257,True
1741432080477,86031.6,0.01619,True
1741432080477,86031.6,0.00692,True
1741432080477,86031.6,6e-05,True
1741432080477,86031.6,0.02175,True
1741432080477,86031.6,0.0078,True
1741432080494,86031.6,0.00082,True
1741432080494,86031.6,0.0108,True
1741432080494,86031.6,0.00918,True
1741432080494,86031.6,0.00064,True
1741432080494,86031.6,0.0001,True
1741432080494,86031.6,6e-05,True
1741432080494,86031.6,6e-05,True
1741432080494,86031.6,0.0001,True
1741432080494,86031.6,0.0001,True
1741432080494,86031.6,0.0005,True
1741432080494,86031.6,6e-05,True
1741432080494,86031.6,0.00044,True
1741432080494,86031.6,0.00013,True
1741432080494,86031.6,6e-05,True
1741432080494,86031.6,0.00123,True
1741432080494,86031.6,6e-05,True
1741432080494,86031.6,6e-05,True
1741432080494,86031.6,0.00692,True
1741432080494,86031.6,6e-05,True
1741432080494,86031.6,0.00862,True
1741432080494,86031.6,0.00918,True
1741432080494,86031.6,6e-05,True
1741432080494,86031.6,0.00692,True
1741432080494,86031.6,0.00862,True
1741432080494,86031.6,0.00918,True
1741432080494,86031.6,0.00692,True
1741432080494,86031.6,0.00862,True
1741432080494,86031.6,0.00918,True
1741432080494,86031.6,0.00692,True
1741432080494,86031.6,0.00862,True
1741432080494,86031.6,0.00918,True
1741432080494,86031.6,0.00692,True
1741432080494,86031.6,0.00862,True
1741432080494,86031.6,0.00918,True
1741432080494,86031.6,0.00692,True
1741432080494,86031.6,0.00862,True
1741432080494,86031.6,0.00918,True
1741432080494,86031.6,0.00692,True
1741432080494,86031.6,0.00862,True
1741432080494,86031.6,0.00918,True
1741432080494,86031.6,0.00692,True
1741432080494,86031.6,0.00862,True
1741432080494,86031.6,0.00918,True
1741432080494,86031.6,0.00684,True
1741432080494,86031.6,0.00853,True
1741432080494,86031.6,0.00916,True
1741432080494,86031.56,6e-05,True
1741432080494,86031.56,6e-05,True
1741432080494,86031.56,6e-05,True
1741432080494,86031.56,6e-05,True
1741432080494,86031.56,6e-05,True
1741432080494,86031.55,6e-05,True
1741432080494,86031.55,6e-05,True
1741432080494,86031.55,0.00544,True
1741432080494,86031.55,0.00014,True
1741432080516,86031.54,6e-05,True
1741432080516,86031.54,6e-05,True
1741432080516,86031.54,6e-05,True
1741432080516,86031.54,0.0001,True
1741432080516,86031.54,0.0001,True
1741432080516,86031.54,6e-05,True
1741432080516,86031.54,6e-05,True
1741432080516,86031.54,6e-05,True
1741432080516,86031.54,6e-05,True
1741432080516,86031.54,0.0001,True
1741432080516,86031.54,6e-05,True
1741432080516,86031.53,6e-05,True
1741432080516,86031.53,6e-05,True
1741432080516,86031.52,6e-05,True
1741432080516,86031.52,6e-05,True
1741432080516,86031.51,6e-05,True
1741432080516,86031.51,6e-05,True
1741432080516,86031.5,6e-05,True
1741432080516,86031.5,6e-05,True
1741432080516,86031.45,0.00013,True
1741432080516,86031.45,6e-05,True
1741432080516,86030.02,0.00018,True
1741432080516,86030.02,8e-05,True
1741432080516,86030.02,8e-05,True
1741432080516,86030.02,8e-05,True
1741432080516,86030.02,3e-05,True
1741432080516,86030.02,3e-05,True
1741432080516,86029.42,0.0015,True
1741432080534,86029.41,0.00015,True
1741432080550,86029.41,0.00015,True
1741432080563,86029.41,0.00015,True
1741432080566,86029.41,0.0094,True
1741432080567,86029.41,0.06492,True
1741432080567,86029.41,6e-05,True
1741432080567,86029.41,0.003,True
1741432080567,86029.41,0.0001,True
1741432080567,86029.41,0.0001,True
1741432080567,86029.41,0.0001,True
1741432080567,86029.41,6e-05,True
1741432080567,86029.41,6e-05,True
1741432080567,86029.41,6e-05,True
1741432080567,86029.41,6e-05,True
1741432080567,86029.41,6e-05,True
1741432080567,86029.41,6e-05,True
1741432080567,86029.41,6e-05,True
1741432080567,86029.4,0.00011,True
1741432080567,86029.4,6e-05,True
1741432080567,86029.4,6e-05,True
1741432080567,86028.03,0.0001,True
1741432080567,86028.03,0.0001,True
1741432080567,86028.03,0.0001,True
1741432080567,86028.03,6e-05,True
1741432080567,86028.03,6e-05,True
1741432080567,86028.02,0.00186,True
1741432080567,86028.02,6e-05,True
1741432080567,86028.02,6e-05,True
1741432080568,86028.0,6e-05,True
1741432080568,86028.0,6e-05,True
1741432080568,86028.0,6e-05,True
1741432080568,86028.0,6e-05,True
1741432080568,86027.31,7e-05,True
1741432080568,86027.31,6e-05,True
1741432080568,86026.75,6e-05,True
1741432080568,86026.31,6e-05,True
1741432080568,86026.08,0.00016,True
1741432080568,86026.0,6e-05,True
1741432080568,86026.0,6e-05,True
1741432080568,86025.9,0.00704,True
1741432080568,86024.7,0.00035,True
1741432080568,86024.7,0.00021,True
1741432080568,86024.68,0.00961,True
1741432080568,86024.64,0.00012,True
1741432080568,86024.31,0.0019,True
1741432080572,86024.31,0.00015,True
1741432080575,86024.31,0.00852,True
1741432080575,86024.31,0.0001,True
1741432080575,86024.31,0.0001,True
1741432080575,86024.31,6e-05,True
1741432080575,86024.31,6e-05,True
1741432080575,86024.31,6e-05,True
1741432080575,86024.31,6e-05,True
1741432080575,86024.31,6e-05,True
1741432080575,86024.31,6e-05,True
1741432080575,86024.0,6e-05,True
1741432080575,86024.0,6e-05,True
1741432080575,86022.88,0.00127,True
1741432080582,86022.88,0.00173,True
1741432080582,86022.88,6e-05,True
1741432080582,86022.88,6e-05,True
1741432080582,86022.88,0.0001,True
1741432080582,86022.88,0.0001,True
1741432080582,86022.88,6e-05,True
1741432080582,86022.88,0.0001,True
1741432080582,86022.88,6e-05,True
1741432080582,86022.64,6e-05,True
1741432080582,86022.64,6e-05,True
1741432080582,86022.54,6e-05,True
1741432080582,86022.54,6e-05,True
1741432080582,86022.04,0.00012,True
1741432080582,86022.04,6e-05,True
1741432080582,86022.04,6e-05,True
1741432080585,86022.0,0.00015,True
1741432080704,86022.01,0.05252,False
1741432080723,86022.0,0.008,True
1741432080723,86022.0,0.001,True
1741432080813,86022.01,0.00119,False
1741432080903,86022.0,0.001,True
1741432080913,86022.01,0.00121,False
1741432080950,86022.01,0.00257,False
1741432081092,86022.0,0.0002,True
1741432081157,86022.01,8e-05,False
1741432081591,86022.0,0.0002,True
1741432081672,86022.0,0.00054,True
1741432082552,86022.0,0.01216,True
1741432082552,86022.0,6e-05,True
1741432082552,86022.0,0.0001,True
1741432082552,86022.0,0.00013,True
1741432082552,86022.0,6e-05,True
1741432082552,86022.0,6e-05,True
1741432082552,86022.0,6e-05,True
1741432082552,86022.0,6e-05,True
1741432082552,86022.0,0.00037,True
1741432082552,86022.0,6e-05,True
1741432082552,86022.0,6e-05,True
1741432082552,86022.0,6e-05,True
1741432082552,86021.99,6e-05,True
1741432082552,86021.99,6e-05,True
1741432082552,86021.95,0.00013,True
1741432082552,86021.95,6e-05,True
1741432082552,86021.95,6e-05,True
1741432082552,86021.9,6e-05,True
1741432082552,86021.9,6e-05,True
1741432082552,86021.89,6e-05,True
1741432082552,86021.89,6e-05,True
1741432082552,86021.89,0.00013,True
1741432082552,86021.85,6e-05,True
1741432082552,86021.84,6e-05,True
1741432082552,86021.84,0.00014,True
1741432082552,86021.74,6e-05,True
1741432082552,86021.17,0.00034,True
1741432082552,86021.17,0.00034,True
1741432082552,86021.17,0.00034,True
1741432082552,86021.16,0.00811,True
1741432082552,86021.02,0.00879,True
1741432082552,86020.7,0.01443,True
1741432082552,86020.7,6e-05,True
1741432082552,86020.7,6e-05,True
1741432082552,86020.45,0.0037,True
1741432082559,86020.45,0.00815,True
1741432082559,86020.45,0.0001,True
1741432082559,86020.45,0.0001,True
1741432082559,86020.45,6e-05,True
1741432082559,86020.45,0.0001,True
1741432082559,86020.45,6e-05,True
1741432082559,86020.45,6e-05,True
1741432082559,86020.45,6e-05,True
1741432082559,86020.45,6e-05,True
1741432082559,86020.45,6e-05,True
1741432082559,86020.45,6e-05,True
1741432082559,86020.45,6e-05,True
1741432082559,86020.45,6e-05,True
1741432082559,86020.45,6e-05,True
1741432082559,86020.39,0.00395,True
1741432082559,86020.39,0.00229,True
1741432082559,86020.39,6e-05,True
1741432082559,86020.39,6e-05,True
1741432082559,86020.13,0.00011,True
1741432082559,86020.13,6e-05,True
1741432082559,86020.13,6e-05,True
1741432082565,86020.12,0.01628,True
1741432082565,86020.12,6e-05,True
1741432082565,86020.12,6e-05,True
1741432082565,86020.12,6e-05,True
1741432082565,86020.12,0.0001,True
1741432082565,86020.12,0.0001,True
1741432082565,86020.12,6e-05,True
1741432082565,86020.12,6e-05,True
1741432082565,86020.12,6e-05,True
1741432082565,86020.12,6e-05,True
1741432082565,86020.12,0.0001,True
1741432082565,86020.12,6e-05,True
1741432082565,86020.11,0.01934,True
1741432082565,86020.11,6e-05,True
1741432082565,86020.11,6e-05,True
1741432082565,86020.11,6e-05,True
1741432082565,86020.11,6e-05,True
1741432082565,86020.01,6e-05,True
1741432082565,86020.0,6e-05,True
1741432082565,86020.0,6e-05,True
1741432082565,86019.97,0.01871,True
1741432082571,86019.97,0.0015,True
1741432082571,86019.97,6e-05,True
1741432082571,86019.97,6e-05,True
