timestamp,price,volume,is_ask
1741637844868,78793.16,0.0004,False
1741637845033,78793.16,0.00055,False
1741637845033,78793.16,7e-05,False
1741637845033,78793.16,0.0001,False
1741637845033,78793.16,0.0001,False
1741637845033,78793.16,0.0001,False
1741637845033,78793.16,0.0001,False
1741637845033,78793.16,0.00013,False
1741637845033,78793.16,0.00017,False
1741637845033,78793.17,0.0002,False
1741637845033,78793.17,0.00013,False
1741637845033,78793.17,7e-05,False
1741637845033,78793.17,0.00013,False
1741637845033,78793.18,0.00013,False
1741637845033,78793.18,7e-05,False
1741637845033,78793.2,7e-05,False
1741637845033,78793.2,7e-05,False
1741637845033,78793.21,0.0024,False
1741637845033,78793.21,7e-05,False
1741637845033,78793.76,7e-05,False
1741637845033,78793.76,7e-05,False
1741637845033,78793.83,7e-05,False
1741637845033,78793.87,7e-05,False
1741637845033,78793.87,7e-05,False
1741637845033,78793.88,0.003,False
1741637845033,78794.55,7e-05,False
1741637845033,78795.0,0.00011,False
1741637845033,78795.01,0.0004,False
1741637845033,78795.17,7e-05,False
1741637845033,78795.34,7e-05,False
1741637845033,78795.73,0.00014,False
1741637845033,78795.73,0.00015,False
1741637845033,78795.99,7e-05,False
1741637845033,78795.99,0.0001,False
1741637845033,78796.0,0.0223,False
1741637845033,78796.33,7e-05,False
1741637845033,78796.33,0.00013,False
1741637845096,78796.33,0.00017,True
1741637845097,78796.33,0.00017,True
1741637845107,78796.33,0.00017,True
1741637845109,78796.33,0.00017,True
1741637845112,78796.33,0.00017,True
1741637845128,78796.33,0.00017,True
1741637845136,78796.33,0.00017,True
1741637845137,78796.33,0.00017,True
1741637845140,78796.33,0.00017,True
1741637845145,78796.33,0.00017,True
1741637845148,78796.33,0.00017,True
1741637845149,78796.33,0.00017,True
1741637845150,78796.33,0.00017,True
1741637845150,78796.33,0.00017,True
1741637845154,78796.33,0.00017,True
1741637845176,78796.34,0.00091,False
1741637845177,78796.33,0.00017,True
1741637845178,78796.33,0.00017,True
1741637845180,78796.33,0.00015,True
1741637845181,78796.33,0.00015,True
1741637845183,78796.33,0.00017,True
1741637845184,78796.33,0.00017,True
1741637845185,78796.33,0.00015,True
1741637845186,78796.33,0.00015,True
1741637845189,78796.33,0.00017,True
1741637845189,78796.33,0.00017,True
1741637845191,78796.33,0.00017,True
1741637845193,78796.33,0.00017,True
1741637845194,78796.33,0.00017,True
1741637845216,78796.33,0.00017,True
1741637845218,78796.33,0.00017,True
1741637845229,78796.33,0.00017,True
1741637845229,78796.33,0.00017,True
1741637845238,78796.33,0.00017,True
1741637845241,78796.33,0.00384,True
1741637845242,78796.33,0.00017,True
1741637845249,78796.33,0.00017,True
1741637845252,78796.33,0.00017,True
1741637845252,78796.33,0.00017,True
1741637845256,78796.33,0.00017,True
1741637845256,78796.33,0.00017,True
1741637845257,78796.33,0.00017,True
1741637845267,78796.33,0.00017,True
1741637845270,78796.33,0.00015,True
1741637845271,78796.33,0.00017,True
1741637845271,78796.33,0.00017,True
1741637845278,78796.33,0.00017,True
1741637845289,78796.33,0.00017,True
1741637845289,78796.33,0.00017,True
1741637845290,78796.33,0.00017,True
1741637845290,78796.33,0.00017,True
1741637845290,78796.33,0.00017,True
1741637845290,78796.33,0.00016,True
1741637845294,78796.33,0.00017,True
1741637845301,78796.33,0.00015,True
1741637845302,78796.33,0.00017,True
1741637845303,78796.33,0.00017,True
1741637845306,78796.33,0.00015,True
1741637845318,78796.33,0.00017,True
1741637845321,78796.33,0.00017,True
1741637845324,78796.33,0.00017,True
1741637845569,78796.34,0.00073,False
1741637845569,78796.33,0.00036,True
1741637845592,78796.33,0.00825,True
1741637845879,78796.34,0.01322,False
1741637845902,78796.34,0.01983,False
1741637845925,78796.33,0.04,True
1741637846451,78796.34,0.0001,False
1741637846451,78796.34,0.00036,False
1741637846451,78796.34,7e-05,False
1741637846451,78796.34,7e-05,False
1741637846451,78796.34,0.00013,False
1741637846451,78796.34,0.00079,False
1741637846677,78796.33,0.00258,True
1741637846814,78796.34,0.01077,False
1741637846944,78796.34,0.03201,False
1741637846944,78796.34,7e-05,False
1741637846944,78796.34,0.00023,False
1741637846944,78796.34,0.00013,False
1741637846944,78796.34,0.0001,False
1741637846944,78796.34,0.0001,False
1741637846944,78796.34,0.0001,False
1741637846944,78796.34,0.0001,False
1741637846944,78796.35,0.00016,False
1741637846944,78796.35,0.00014,False
1741637846944,78796.35,7e-05,False
1741637846944,78796.35,0.00014,False
1741637846944,78796.36,0.00013,False
1741637846944,78796.36,7e-05,False
1741637846944,78796.46,7e-05,False
1741637846944,78796.46,0.00017,False
1741637846944,78796.46,8e-05,False
1741637846944,78796.47,7e-05,False
1741637846944,78796.47,7e-05,False
1741637846944,78796.47,9e-05,False
1741637847208,78796.48,0.0001,False
1741637847208,78796.48,0.0001,False
1741637847208,78796.48,0.0001,False
1741637847208,78796.48,0.0002,False
1741637847208,78796.48,7e-05,False
1741637847208,78796.48,0.00014,False
1741637847208,78796.49,0.00014,False
1741637847208,78796.49,7e-05,False
1741637847208,78796.49,0.00013,False
1741637847208,78796.5,0.00014,False
1741637847208,78796.5,7e-05,False
1741637847208,78796.83,7e-05,False
1741637847208,78796.93,7e-05,False
1741637847208,78796.93,7e-05,False
1741637847208,78797.04,0.00013,False
1741637847208,78797.04,7e-05,False
1741637847208,78797.32,7e-05,False
1741637847208,78797.32,7e-05,False
1741637847208,78797.32,8e-05,False
1741637847208,78797.33,0.01271,False
1741637847208,78797.33,7e-05,False
1741637847208,78797.72,7e-05,False
1741637847208,78797.74,7e-05,False
1741637847208,78797.75,0.00613,False
1741637847208,78797.99,0.00016,False
1741637847208,78797.99,7e-05,False
1741637847208,78798.0,0.01503,False
1741637847241,78798.0,0.00016,False
1741637847315,78798.0,0.00711,False
1741637847315,78798.0,0.00017,False
1741637847315,78798.0,0.0001,False
1741637847315,78798.0,7e-05,False
1741637847315,78798.0,0.0001,False
1741637847315,78798.0,0.0001,False
1741637847315,78798.0,0.0001,False
1741637847315,78798.01,8e-05,False
1741637847315,78798.01,7e-05,False
1741637847315,78798.01,0.00013,False
1741637847315,78798.78,7e-05,False
1741637847315,78798.78,7e-05,False
1741637848283,78798.78,0.00042,True
1741637848307,78798.79,0.0001,False
1741637848307,78798.79,0.0001,False
1741637848307,78798.79,0.0001,False
1741637848307,78798.79,0.00014,False
1741637848307,78798.79,0.00013,False
1741637848307,78798.79,7e-05,False
1741637848307,78798.79,0.00151,False
1741637848307,78798.79,0.01,False
1741637848396,78798.78,0.0036,True
1741637848746,78798.79,0.0157,False
1741637848746,78798.79,0.13741,False
1741637848746,78798.79,0.01736,False
1741637848746,78798.79,0.0001,False
1741637848746,78798.79,0.0001,False
1741637848746,78798.79,0.0001,False
1741637848746,78798.79,7e-05,False
1741637848746,78798.79,0.00024,False
1741637848746,78798.79,0.00014,False
1741637848746,78798.79,0.00822,False
1741637848746,78798.8,0.00013,False
1741637848746,78798.8,7e-05,False
1741637848746,78798.8,0.00013,False
1741637848746,78798.81,0.00014,False
1741637848746,78798.81,7e-05,False
1741637848746,78798.83,7e-05,False
1741637848746,78798.93,7e-05,False
1741637848746,78798.96,7e-05,False
1741637848746,78799.3,7e-05,False
1741637848746,78799.3,7e-05,False
1741637848746,78799.64,7e-05,False
1741637848746,78799.94,7e-05,False
1741637848746,78799.94,7e-05,False
1741637848746,78799.95,0.00063,False
1741637848746,78799.95,0.0055,False
1741637848746,78799.99,0.00019,False
1741637848746,78799.99,7e-05,False
1741637848746,78800.0,0.10152,False
1741637848750,78801.67,0.00022,False
1741637848750,78801.67,0.00026,False
1741637848750,78801.67,0.00026,False
1741637848750,78801.67,7e-05,False
1741637848750,78801.68,0.0007,False
1741637848750,78801.68,7e-05,False
1741637848773,78803.45,0.00027,False
1741637848773,78803.45,0.0001,False
1741637848773,78803.45,7e-05,False
1741637848773,78803.46,0.00028,False
1741637848773,78803.46,7e-05,False
1741637848773,78803.56,8e-05,False
1741637848773,78803.56,7e-05,False
1741637848773,78803.56,9e-05,False
1741637848773,78803.56,9e-05,False
1741637848773,78803.56,9e-05,False
1741637848773,78803.56,0.00065,False
1741637848775,78803.72,0.00011,False
1741637848775,78803.72,7e-05,False
1741637848775,78803.91,0.001,False
1741637848775,78803.91,7e-05,False
1741637848775,78803.94,7e-05,False
1741637848775,78803.99,7e-05,False
1741637848775,78803.99,7e-05,False
1741637848775,78804.05,7e-05,False
1741637848782,78804.45,7e-05,False
1741637848782,78804.45,0.0001,False
1741637848782,78804.45,0.0001,False
1741637848782,78804.45,0.0001,False
1741637848782,78804.55,0.00013,False
1741637848782,78804.55,7e-05,False
1741637848782,78804.98,7e-05,False
1741637848782,78804.98,7e-05,False
1741637848782,78804.98,7e-05,False
1741637848782,78804.99,0.00078,False
1741637848782,78804.99,7e-05,False
1741637848782,78806.34,0.00013,False
1741637848782,78806.34,7e-05,False
1741637848782,78806.66,7e-05,False
1741637848782,78806.66,7e-05,False
1741637848782,78806.98,0.00013,False
1741637848782,78806.98,7e-05,False
1741637848782,78807.77,7e-05,False
1741637848782,78807.77,7e-05,False
1741637848782,78808.95,7e-05,False
1741637848782,78809.54,0.00196,False
1741637848782,78809.79,7e-05,False
1741637848811,78809.79,0.00317,True
1741637848885,78809.8,0.00013,False
1741637848885,78809.8,7e-05,False
1741637848885,78809.81,0.00031,False
1741637848885,78809.81,7e-05,False
1741637848887,78809.81,0.00014,False
1741637848887,78809.82,0.00014,False
1741637848887,78809.82,7e-05,False
1741637848887,78809.88,7e-05,False
1741637848887,78809.89,7e-05,False
1741637848887,78810.13,0.00026,False
1741637848887,78810.13,0.00026,False
1741637848887,78810.13,0.00026,False
1741637848887,78810.13,7e-05,False
1741637848909,78810.13,0.04322,True
1741637848918,78810.14,7e-05,False
1741637848918,78810.14,0.0001,False
1741637848918,78810.14,0.0001,False
1741637848918,78810.14,0.0001,False
1741637848918,78810.39,7e-05,False
1741637848918,78810.39,7e-05,False
1741637848918,78810.76,7e-05,False
1741637848918,78811.1,0.0001,False
1741637848918,78811.1,7e-05,False
1741637848918,78811.18,7e-05,False
1741637848918,78811.18,7e-05,False
1741637848918,78811.49,7e-05,False
1741637848918,78811.49,7e-05,False
1741637848918,78811.5,0.00318,False
1741637848918,78811.5,7e-05,False
1741637848918,78811.99,7e-05,False
1741637848918,78812.35,0.00038,False
1741637848918,78812.4,0.00013,False
1741637848918,78812.51,0.00024,False
1741637848918,78812.51,0.00012,False
1741637848918,78812.51,0.00012,False
1741637848918,78812.51,0.00012,False
1741637848918,78813.68,0.00031,False
1741637848918,78813.99,7e-05,False
1741637849341,78814.0,7e-05,False
1741637849341,78814.0,0.00013,False
1741637849341,78814.0,2e-05,False
1741637849378,78813.99,0.00467,True
1741637849378,78813.99,0.00027,True
1741637849515,78814.0,0.00384,False
1741637849781,78814.0,0.00013,False
1741637849878,78814.0,0.0001,False
1741637849878,78814.0,0.00013,False
1741637849878,78814.0,0.00716,False
1741637849878,78814.0,7e-05,False
1741637849878,78814.0,0.00014,False
1741637849878,78814.0,0.0001,False
1741637849878,78814.0,0.0001,False
1741637849878,78814.0,0.0001,False
1741637849878,78814.0,0.0001,False
1741637849878,78814.01,0.00021,False
1741637849878,78814.01,0.00014,False
1741637849878,78814.01,7e-05,False
1741637849878,78814.01,0.00014,False
1741637849878,78814.02,0.00014,False
1741637849878,78814.02,7e-05,False
1741637849878,78814.43,9e-05,False
1741637849878,78814.43,9e-05,False
1741637849878,78814.43,9e-05,False
1741637849878,78814.43,7e-05,False
1741637849878,78814.43,0.00079,False
1741637849878,78814.44,7e-05,False
1741637849878,78814.78,7e-05,False
1741637849878,78814.79,7e-05,False
1741637849878,78814.8,7e-05,False
1741637849878,78815.64,0.00013,False
1741637849878,78815.67,0.00066,False
1741637849878,78815.99,7e-05,False
1741637849878,78815.99,8e-05,False
1741637849878,78816.0,0.0223,False
1741637849878,78816.66,9e-05,False
1741637850081,78817.66,0.00084,True
1741637850407,78817.67,0.00023,False
1741637850407,78817.67,0.00192,False
1741637850580,78817.66,0.00013,True
1741637850580,78817.66,7e-05,True
1741637850580,78817.66,0.00014,True
1741637850580,78817.66,7e-05,True
1741637850580,78817.66,7e-05,True
1741637850580,78817.66,7e-05,True
1741637850580,78817.66,7e-05,True
1741637850580,78817.66,7e-05,True
1741637850580,78817.66,0.00057,True
1741637850580,78817.66,0.0255,True
1741637850580,78817.66,0.00238,True
1741637850580,78817.66,0.0001,True
1741637850580,78817.66,0.0001,True
1741637850580,78817.65,0.00014,True
1741637850580,78817.65,0.00014,True
1741637850580,78817.65,7e-05,True
1741637850580,78817.65,7e-05,True
1741637850580,78817.57,0.00053,True
1741637850580,78817.57,7e-05,True
1741637850580,78817.57,7e-05,True
1741637850580,78817.56,7e-05,True
1741637850580,78817.56,7e-05,True
1741637850580,78817.55,7e-05,True
1741637850580,78817.55,7e-05,True
1741637850580,78817.54,7e-05,True
1741637850580,78817.53,7e-05,True
1741637850580,78817.52,7e-05,True
1741637850580,78817.52,7e-05,True
1741637850580,78816.97,7e-05,True
1741637850580,78816.73,7e-05,True
1741637850580,78816.01,7e-05,True
1741637850580,78815.94,7e-05,True
1741637850580,78815.15,7e-05,True
1741637850580,78814.01,7e-05,True
1741637850936,78814.0,7e-05,True
1741637850936,78814.0,7e-05,True
1741637850936,78814.0,7e-05,True
1741637850936,78814.0,0.00013,True
1741637850936,78814.0,0.00077,True
1741637850936,78814.0,0.0255,True
1741637850936,78814.0,0.01339,True
1741637851054,78814.01,0.00012,False
1741637851168,78814.01,0.00049,False
1741637851568,78814.01,7e-05,False
1741637851568,78814.01,0.00013,False
1741637851568,78814.01,0.0001,False
1741637851568,78814.01,0.0001,False
1741637851568,78814.01,0.0001,False
1741637851568,78814.01,0.0001,False
1741637851568,78814.01,0.0001,False
1741637851568,78814.01,0.0001,False
1741637851568,78814.02,0.00014,False
1741637851568,78814.02,7e-05,False
1741637851568,78814.02,0.00013,False
1741637851568,78814.03,0.00014,False
1741637851568,78814.03,7e-05,False
1741637851568,78814.86,7e-05,False
1741637851568,78814.87,7e-05,False
1741637851568,78814.96,7e-05,False
1741637851568,78814.97,7e-05,False
1741637851568,78815.15,7e-05,False
1741637851568,78815.31,0.00555,False
1741637851568,78815.93,7e-05,False
1741637851568,78815.99,7e-05,False
1741637851750,78816.0,0.00313,False
1741637851847,78816.0,0.00336,False
1741637852006,78815.99,7e-05,True
1741637852006,78815.99,7e-05,True
1741637852006,78815.99,7e-05,True
1741637852006,78815.99,0.00013,True
1741637852006,78815.99,0.001,True
1741637852006,78815.99,7e-05,True
1741637852006,78815.99,0.00014,True
1741637852006,78815.99,7e-05,True
1741637852006,78815.99,0.00013,True
1741637852006,78815.99,7e-05,True
1741637852006,78815.99,0.01066,True
1741637852006,78815.99,0.0001,True
1741637852006,78815.99,0.0019,True
1741637852006,78815.99,0.0001,True
1741637852006,78815.98,0.00014,True
1741637852006,78815.98,7e-05,True
1741637852006,78815.98,7e-05,True
1741637852006,78815.97,7e-05,True
1741637852006,78815.97,7e-05,True
1741637852006,78815.96,7e-05,True
1741637852006,78815.96,7e-05,True
1741637852006,78815.95,7e-05,True
1741637852006,78815.95,7e-05,True
1741637852006,78815.95,0.00058,True
1741637852006,78815.94,7e-05,True
1741637852006,78815.93,7e-05,True
1741637852006,78815.92,7e-05,True
1741637852006,78815.15,7e-05,True
1741637852006,78814.89,7e-05,True
1741637852006,78814.0,7e-05,True
1741637852006,78813.99,0.00302,True
1741637852006,78813.56,7e-05,True
1741637852006,78812.01,7e-05,True
1741637852645,78812.0,0.01152,True
1741637852690,78812.01,0.0057,False
1741637852690,78812.01,0.07067,False
1741637852716,78812.0,0.01078,True
1741637852716,78812.0,7e-05,True
1741637852716,78812.0,7e-05,True
1741637852716,78812.0,7e-05,True
1741637852716,78812.0,7e-05,True
1741637852716,78812.0,0.00014,True
1741637852716,78812.0,0.00013,True
1741637852716,78812.0,0.0001,True
1741637852716,78812.0,0.0001,True
1741637852716,78812.0,7e-05,True
1741637852716,78812.0,7e-05,True
1741637852716,78812.0,0.00117,True
1741637852716,78811.99,9e-05,True
1741637852716,78811.99,0.00014,True
1741637852716,78811.99,0.00013,True
1741637852716,78811.99,7e-05,True
1741637852716,78811.99,7e-05,True
1741637852716,78811.97,0.00055,True
1741637852716,78811.97,7e-05,True
1741637852716,78811.97,7e-05,True
1741637852716,78811.96,7e-05,True
1741637852716,78811.96,7e-05,True
1741637852716,78811.92,7e-05,True
1741637852716,78811.92,7e-05,True
1741637852716,78811.36,0.00014,True
1741637852716,78811.36,7e-05,True
1741637852716,78811.36,0.00014,True
1741637852716,78811.36,0.00014,True
1741637852716,78811.35,7e-05,True
1741637852716,78811.29,8e-05,True
1741637852716,78811.29,7e-05,True
1741637852716,78811.19,7e-05,True
1741637852716,78810.36,7e-05,True
1741637852716,78810.36,9e-05,True
1741637852767,78810.35,0.00825,True
1741637853154,78810.36,0.00024,False
1741637853302,78810.35,0.00017,True
1741637853902,78810.35,0.00078,True
1741637854360,78810.35,0.00825,True
1741637854389,78810.36,0.00269,False
1741637854423,78810.36,0.00051,False
1741637855064,78810.36,0.0001,False
1741637855085,78810.35,7e-05,True
1741637855085,78810.35,7e-05,True
1741637855085,78810.35,7e-05,True
1741637855085,78810.35,0.00013,True
1741637855085,78810.35,7e-05,True
1741637855085,78810.35,7e-05,True
1741637855085,78810.35,9e-05,True
1741637855085,78810.35,7e-05,True
1741637855085,78810.35,0.00058,True
1741637855085,78810.35,0.0001,True
1741637855085,78810.35,0.0001,True
1741637855085,78810.34,8e-05,True
1741637855085,78810.34,0.00014,True
1741637855085,78810.34,0.00013,True
1741637855085,78810.34,7e-05,True
1741637855085,78810.34,7e-05,True
1741637855085,78810.34,0.00055,True
1741637855085,78810.34,0.00013,True
1741637855085,78810.33,7e-05,True
1741637855085,78810.33,7e-05,True
1741637855085,78810.32,7e-05,True
1741637855085,78810.32,7e-05,True
1741637855085,78810.16,7e-05,True
1741637855085,78810.16,7e-05,True
1741637855085,78810.15,7e-05,True
1741637855085,78810.14,7e-05,True
1741637855085,78810.13,7e-05,True
1741637855085,78810.01,9e-05,True
1741637855085,78809.78,0.00011,True
1741637855085,78809.6,7e-05,True
1741637855085,78808.02,7e-05,True
1741637855085,78807.16,7e-05,True
1741637855085,78806.26,8e-05,True
1741637855146,78805.4,0.00069,True
1741637855269,78805.41,9e-05,False
1741637855626,78805.41,0.00131,False
1741637855783,78805.41,0.00013,False
1741637855828,78805.41,0.00012,False
1741637855834,78805.4,0.00331,True
1741637855834,78805.4,7e-05,True
1741637855834,78805.4,0.00046,True
1741637855860,78805.4,8e-05,True
1741637855860,78805.4,7e-05,True
1741637855860,78805.4,7e-05,True
1741637855860,78805.4,7e-05,True
1741637855860,78805.4,7e-05,True
1741637855860,78805.4,0.00101,True
1741637855860,78805.4,0.00013,True
1741637855860,78805.4,0.0027,True
1741637855860,78805.4,7e-05,True
1741637855860,78805.4,0.00426,True
1741637855936,78805.4,0.00815,True
1741637855936,78805.4,0.03185,True
1741637856025,78805.4,0.08052,True
1741637856025,78805.4,0.00515,True
1741637856081,78805.4,0.0002,True
1741637856795,78805.4,0.00278,True
1741637857135,78805.4,0.00011,True
1741637857168,78805.41,0.00101,False
1741637857356,78805.41,0.00141,False
1741637857367,78805.4,0.00171,True
1741637857367,78805.4,8e-05,True
1741637857367,78805.4,7e-05,True
1741637857367,78805.4,7e-05,True
1741637857367,78805.4,7e-05,True
1741637857367,78805.4,7e-05,True
1741637857367,78805.4,0.00013,True
1741637857367,78805.4,7e-05,True
1741637857367,78805.4,7e-05,True
1741637857367,78805.4,0.01035,True
1741637857825,78805.41,0.00066,False
1741637857969,78805.41,7e-05,False
1741637857969,78805.41,0.00304,False
1741637857969,78805.41,0.00013,False
1741637857969,78805.41,0.00828,False
1741637857969,78805.41,0.00845,False
1741637857969,78805.41,0.00551,False
1741637857969,78805.41,0.00276,False
1741637857969,78805.41,0.0001,False
1741637857969,78805.41,0.00018,False
1741637857969,78805.41,0.00089,False
1741637857969,78805.41,0.0001,False
1741637857969,78805.41,0.0001,False
1741637857969,78805.41,0.0001,False
1741637857969,78805.42,0.00014,False
1741637857969,78805.42,0.00014,False
1741637857969,78805.42,0.00013,False
1741637857969,78805.42,7e-05,False
1741637857969,78805.64,7e-05,False
1741637857969,78805.64,7e-05,False
1741637857969,78805.78,7e-05,False
1741637857969,78805.79,7e-05,False
1741637857969,78805.79,7e-05,False
1741637858426,78805.8,7e-05,False
1741637858426,78805.8,2e-05,False
1741637858433,78805.79,0.00162,True
1741637858449,78805.8,0.00012,False
1741637858545,78805.8,0.00025,False
1741637858571,78805.79,0.0002,True
1741637858654,78805.8,0.06197,False
1741637858669,78805.8,0.00011,False
1741637858671,78805.79,0.0001,True
1741637858848,78805.79,7e-05,True
1741637858848,78805.79,7e-05,True
1741637858848,78805.79,7e-05,True
1741637858848,78805.79,7e-05,True
1741637858848,78805.79,0.00013,True
1741637858848,78805.79,7e-05,True
1741637858848,78805.79,7e-05,True
1741637858848,78805.79,0.0001,True
1741637858848,78805.79,0.0001,True
1741637858848,78805.79,0.00246,True
1741637858848,78805.78,7e-05,True
1741637858848,78805.78,7e-05,True
1741637858848,78805.78,0.00013,True
1741637858848,78805.78,0.00014,True
1741637858848,78805.78,0.00014,True
1741637858848,78805.78,0.00057,True
1741637858848,78805.77,7e-05,True
1741637858848,78805.77,7e-05,True
1741637858848,78805.65,7e-05,True
1741637858848,78805.64,7e-05,True
1741637858848,78805.64,7e-05,True
1741637858848,78805.63,7e-05,True
1741637858848,78805.63,7e-05,True
1741637858848,78805.42,7e-05,True
1741637858848,78805.42,7e-05,True
1741637858848,78805.41,0.0003,True
1741637858848,78805.41,0.0003,True
1741637858848,78805.41,0.0003,True
1741637858848,78805.41,7e-05,True
1741637858848,78805.41,7e-05,True
1741637858848,78805.41,0.00061,True
1741637858848,78805.4,7e-05,True
1741637858848,78805.39,0.00025,True
1741637858848,78804.01,7e-05,True
1741637858848,78803.47,7e-05,True
1741637858848,78802.48,7e-05,True
1741637858857,78802.0,0.00089,True
1741637859238,78802.0,0.0002,True
1741637859275,78802.0,0.00019,True
1741637859285,78802.01,7e-05,False
1741637859285,78802.01,0.00068,False
1741637859507,78802.01,0.00133,False
1741637859855,78802.01,0.00384,False
1741637860565,78802.01,0.00061,False
1741637860590,78802.0,0.01487,True
1741637860939,78802.0,0.00615,True
1741637860939,78802.0,0.03385,True
1741637860955,78802.01,0.00634,False
1741637861015,78802.01,0.00013,False
1741637861015,78802.01,0.00466,False
1741637861015,78802.01,7e-05,False
1741637861015,78802.01,0.0001,False
1741637861015,78802.01,0.0001,False
1741637861015,78802.01,0.0001,False
1741637861015,78802.01,0.0001,False
1741637861015,78802.01,0.0001,False
1741637861015,78802.01,0.00054,False
1741637861015,78802.02,7e-05,False
1741637861015,78802.02,0.00013,False
1741637861015,78802.02,0.00014,False
1741637861015,78802.02,0.00057,False
1741637861015,78802.02,0.00014,False
1741637861015,78802.47,7e-05,False
1741637861015,78802.47,7e-05,False
1741637861015,78802.48,7e-05,False
1741637861015,78802.62,7e-05,False
1741637861015,78802.63,7e-05,False
1741637861015,78803.23,7e-05,False
1741637861015,78803.26,7e-05,False
1741637861015,78803.26,7e-05,False
1741637861015,78803.99,8e-05,False
1741637861015,78803.99,0.00121,False
1741637861015,78804.05,7e-05,False
1741637861015,78805.39,7e-05,False
1741637861015,78805.39,8e-05,False
1741637861015,78805.4,7e-05,False
1741637861015,78805.4,0.00207,False
1741637861015,78805.4,9e-05,False
1741637861016,78805.41,0.00062,False
1741637861110,78805.41,0.0001,False
1741637861110,78805.41,7e-05,False
1741637861110,78805.41,0.00055,False
1741637861110,78805.41,0.0001,False
1741637861110,78805.41,0.0001,False
1741637861110,78805.41,0.0001,False
1741637861110,78805.41,0.0001,False
1741637861110,78805.41,0.0001,False
1741637861110,78805.42,0.00053,False
1741637861110,78805.42,7e-05,False
1741637861110,78805.42,0.00014,False
1741637861110,78805.42,0.00014,False
1741637861110,78805.8,0.00101,False
1741637861110,78805.8,7e-05,False
1741637861110,78806.43,7e-05,False
1741637861110,78806.43,7e-05,False
1741637861110,78807.26,9e-05,False
1741637861110,78807.26,9e-05,False
1741637861110,78807.26,9e-05,False
1741637861110,78807.26,0.00101,False
1741637861110,78807.26,7e-05,False
1741637861110,78807.99,7e-05,False
1741637861110,78808.0,7e-05,False
1741637861110,78808.43,7e-05,False
1741637861110,78808.43,7e-05,False
1741637861110,78809.63,7e-05,False
1741637861183,78809.63,0.00215,True
1741637861418,78809.64,0.00021,False
1741637861418,78809.64,0.00044,False
1741637861866,78809.64,0.00307,False
1741637861919,78809.63,0.00015,True
1741637862044,78809.64,0.0012,False
1741637862140,78809.64,0.00012,False
1741637862140,78809.64,0.00012,False
1741637862140,78809.64,0.00012,False
1741637862140,78809.64,7e-05,False
1741637862140,78809.64,0.00013,False
1741637862140,78809.64,0.0001,False
1741637862140,78809.64,0.0001,False
1741637862140,78809.64,0.0001,False
1741637862140,78809.64,0.0001,False
1741637862140,78809.64,0.0001,False
1741637862140,78809.64,0.00057,False
1741637862140,78809.64,0.0001,False
1741637862140,78809.64,0.0001,False
1741637862140,78809.64,0.0001,False
1741637862140,78809.64,0.0006,False
1741637862140,78809.64,0.01,False
1741637862149,78809.63,0.00763,True
1741637862149,78809.63,0.02318,True
1741637862346,78809.64,7e-05,False
1741637862346,78809.64,0.00013,False
1741637862346,78809.64,1e-05,False
1741637862415,78809.64,9e-05,False
1741637862415,78809.64,0.0001,False
1741637862415,78809.64,0.0001,False
1741637862415,78809.64,0.00057,False
1741637862415,78809.64,7e-05,False
1741637862415,78809.64,0.00014,False
1741637862415,78809.65,0.00013,False
1741637862415,78809.65,7e-05,False
1741637862415,78809.65,0.00013,False
1741637862415,78809.65,0.00014,False
1741637862415,78809.66,7e-05,False
1741637862415,78809.66,0.00053,False
1741637862415,78809.67,7e-05,False
1741637862415,78809.96,7e-05,False
1741637862415,78809.97,7e-05,False
1741637862415,78809.98,7e-05,False
1741637862415,78809.99,7e-05,False
1741637862415,78810.39,7e-05,False
1741637862415,78810.56,0.00064,False
1741637862415,78810.99,0.00013,False
1741637862415,78811.18,7e-05,False
1741637862415,78811.54,8e-05,False
1741637862415,78811.99,7e-05,False
1741637862415,78811.99,7e-05,False
1741637862415,78812.0,0.0223,False
1741637862415,78812.4,0.004,False
1741637862415,78813.18,7e-05,False
1741637862577,78813.19,0.12401,False
1741637862714,78813.19,0.00013,False
1741637862788,78813.19,0.00038,False
1741637862908,78813.18,0.01498,True
1741637863087,78813.18,0.00053,True
1741637863216,78813.18,7e-05,True
1741637863216,78813.18,7e-05,True
1741637863216,78813.18,7e-05,True
1741637863216,78813.18,0.00011,True
1741637863216,78813.18,7e-05,True
1741637863216,78813.18,0.00014,True
1741637863216,78813.18,7e-05,True
1741637863216,78813.18,7e-05,True
1741637863216,78813.18,7e-05,True
1741637863216,78813.18,7e-05,True
1741637863216,78813.18,0.0047,True
1741637863216,78813.18,0.0001,True
1741637863216,78813.18,0.0001,True
1741637863216,78813.17,0.00013,True
1741637863216,78813.17,0.00013,True
1741637863216,78813.17,0.00013,True
1741637863216,78813.17,7e-05,True
1741637863216,78813.17,7e-05,True
1741637863216,78813.07,7e-05,True
1741637863216,78813.07,7e-05,True
1741637863216,78812.93,7e-05,True
1741637863216,78812.93,7e-05,True
1741637863216,78812.92,7e-05,True
1741637863216,78812.92,7e-05,True
1741637863216,78812.77,7e-05,True
1741637863216,78812.4,7e-05,True
1741637863216,78812.39,7e-05,True
1741637863216,78811.98,7e-05,True
1741637863216,78810.4,7e-05,True
1741637863216,78810.01,7e-05,True
1741637863714,78810.0,7e-05,True
1741637863714,78810.0,7e-05,True
1741637863714,78810.0,7e-05,True
1741637863714,78810.0,7e-05,True
1741637863714,78810.0,0.00101,True
1741637863714,78810.0,7e-05,True
1741637863714,78810.0,0.00013,True
1741637863714,78810.0,7e-05,True
1741637863714,78810.0,0.02844,True
1741637863737,78810.0,0.0002,True
1741637864115,78810.01,0.00098,False
1741637864170,78810.01,7e-05,False
1741637864170,78810.01,0.00013,False
1741637864170,78810.01,0.0001,False
1741637864170,78810.01,0.00071,False
1741637864170,78810.01,0.0001,False
1741637864170,78810.01,0.0001,False
1741637864170,78810.01,0.0001,False
1741637864170,78810.02,0.00014,False
1741637864170,78810.02,7e-05,False
1741637864170,78810.02,0.00014,False
1741637864170,78810.02,0.00054,False
1741637864170,78810.02,0.00014,False
1741637864170,78810.03,7e-05,False
1741637864170,78810.39,7e-05,False
1741637864170,78810.39,7e-05,False
1741637864170,78811.3,7e-05,False
1741637864170,78811.31,7e-05,False
1741637864170,78811.38,7e-05,False
1741637864170,78811.39,7e-05,False
1741637864170,78811.99,7e-05,False
1741637864170,78813.0,0.00016,False
1741637864170,78813.0,0.00016,False
1741637864170,78813.0,0.00016,False
1741637864170,78813.17,7e-05,False
1741637864196,78813.19,0.00384,False
1741637864196,78813.19,9e-05,False
1741637864196,78813.19,7e-05,False
1741637864196,78813.19,0.00053,False
1741637864196,78813.19,0.0001,False
1741637864196,78813.19,0.0001,False
1741637864196,78813.19,0.0001,False
1741637864196,78813.19,7e-05,False
1741637864196,78813.19,0.00017,False
1741637864256,78813.2,0.0001,False
1741637864256,78813.2,0.0001,False
1741637864256,78813.2,0.0001,False
1741637864256,78813.2,7e-05,False
1741637864256,78813.2,0.00013,False
1741637864256,78813.2,0.00054,False
1741637864256,78813.21,0.00051,False
1741637864256,78813.21,7e-05,False
1741637864256,78813.55,7e-05,False
1741637864256,78813.55,7e-05,False
1741637864256,78813.99,7e-05,False
1741637864256,78814.0,7e-05,False
1741637864256,78814.0,7e-05,False
1741637864256,78814.0,7e-05,False
1741637864332,78814.01,0.1032,False
1741637864332,78814.01,0.01122,False
1741637864332,78814.01,7e-05,False
1741637864332,78814.01,0.0001,False
1741637864332,78814.01,0.0001,False
1741637864332,78814.02,0.00055,False
1741637864332,78814.02,0.00014,False
1741637864332,78814.02,0.0001,False
1741637864332,78814.02,3e-05,False
1741637864332,78814.02,7e-05,False
1741637864334,78814.34,7e-05,False
1741637864334,78815.64,0.00013,False
1741637864334,78815.64,7e-05,False
1741637864334,78815.91,7e-05,False
1741637864334,78815.91,0.00015,False
1741637864334,78815.91,0.00015,False
1741637864334,78815.91,0.00015,False
1741637864334,78815.92,0.001,False
1741637864334,78815.92,7e-05,False
1741637864334,78816.21,7e-05,False
1741637864334,78816.21,7e-05,False
1741637864334,78816.22,0.00503,False
1741637864334,78816.22,7e-05,False
1741637864334,78816.84,0.00019,False
1741637864334,78818.31,7e-05,False
1741637864334,78818.32,0.00505,False
1741637864334,78819.18,0.00028,False
1741637864334,78819.74,8e-05,False
1741637864334,78819.79,7e-05,False
1741637864334,78819.94,8e-05,False
1741637864334,78819.95,0.00021,False
1741637864334,78819.99,0.00059,False
1741637864334,78819.99,7e-05,False
1741637864334,78820.0,0.02528,False
1741637864497,78820.0,0.039,False
1741637864643,78819.99,0.00376,True
1741637864800,78820.0,0.002,False
1741637864810,78820.0,0.026,False
1741637865398,78819.99,0.00191,True
1741637865431,78820.0,0.00372,False
1741637865613,78820.0,0.00307,False
1741637865705,78820.0,0.00243,False
1741637865705,78820.0,7e-05,False
1741637865705,78820.0,0.00013,False
1741637865705,78820.0,0.0001,False
1741637865705,78820.0,0.00082,False
1741637865705,78820.0,0.0001,False
1741637865705,78820.0,0.0001,False
1741637865705,78820.0,0.02121,False
1741637865705,78820.0,0.0001,False
1741637865705,78820.0,0.0001,False
1741637865705,78820.0,0.00161,False
1741637865705,78820.0,0.02121,False
1741637865705,78820.0,0.01476,False
1741637865705,78820.01,0.00052,False
1741637865705,78820.01,0.00034,False
1741637865705,78820.01,7e-05,False
1741637865705,78820.01,0.00013,False
1741637865705,78820.01,0.00014,False
1741637865705,78820.01,0.00013,False
1741637865705,78820.2,7e-05,False
1741637865705,78820.29,7e-05,False
1741637865705,78821.13,7e-05,False
1741637865705,78821.13,0.00101,False
1741637865705,78821.14,7e-05,False
1741637865705,78821.29,7e-05,False
1741637865705,78821.4,7e-05,False
1741637865705,78821.41,0.00132,False
1741637865705,78821.47,7e-05,False
1741637865705,78821.89,7e-05,False
1741637865705,78821.89,0.0003,False
1741637865705,78821.89,0.0003,False
1741637865705,78821.89,0.0003,False
1741637865705,78821.89,0.00032,False
1741637865705,78821.9,0.004,False
1741637865705,78821.99,7e-05,False
1741637865705,78822.0,0.0223,False
1741637865705,78822.69,0.001,False
1741637865705,78823.99,0.00013,False
1741637865705,78823.99,7e-05,False
1741637865705,78824.0,0.0223,False
1741637865705,78824.75,0.00011,False
1741637865705,78824.76,0.0072,False
1741637865705,78825.95,0.00032,False
1741637865705,78826.16,0.00014,False
1741637865705,78827.86,7e-05,False
1741637865705,78827.86,9e-05,False
1741637865705,78827.87,0.18764,False
1741637865705,78827.88,0.00011,False
1741637865705,78827.88,7e-05,False
1741637865705,78827.89,0.01739,False
1741637865728,78827.88,0.00017,True
1741637865790,78827.88,0.00331,True
1741637865948,78827.88,0.04,True
1741637866187,78827.89,7e-05,False
1741637866187,78827.89,0.00384,False
1741637866187,78827.89,0.00014,False
1741637866187,78827.89,7e-05,False
1741637866187,78827.89,0.00054,False
1741637866187,78827.89,0.0001,False
1741637866187,78827.9,0.0004,False
1741637866187,78827.9,7e-05,False
1741637866187,78827.9,0.00014,False
1741637866187,78827.9,0.00014,False
1741637866187,78827.9,0.00013,False
1741637866187,78827.9,0.00057,False
1741637866187,78827.98,7e-05,False
1741637866187,78827.98,7e-05,False
1741637866187,78827.99,0.00177,False
1741637866187,78827.99,7e-05,False
1741637866187,78828.0,0.0001,False
1741637866187,78828.0,7e-05,False
1741637866187,78828.63,0.001,False
1741637866187,78828.63,7e-05,False
1741637866187,78828.74,7e-05,False
1741637866187,78828.75,0.00036,False
1741637866187,78828.75,0.00034,False
1741637866187,78828.75,0.00034,False
1741637866187,78828.75,0.00034,False
1741637866187,78828.75,7e-05,False
1741637866218,78829.39,0.00053,False
1741637866218,78829.39,7e-05,False
1741637866218,78829.4,0.00057,False
1741637866218,78829.4,7e-05,False
1741637866218,78829.4,7e-05,False
1741637866218,78829.59,7e-05,False
1741637866218,78829.76,7e-05,False
1741637866218,78829.76,7e-05,False
1741637866218,78829.77,0.003,False
1741637866218,78829.77,7e-05,False
1741637866218,78830.18,7e-05,False
1741637866218,78830.18,7e-05,False
1741637866250,78830.83,8e-05,False
1741637866250,78830.83,0.00052,False
1741637866250,78830.83,7e-05,False
1741637866250,78830.83,0.00013,False
1741637866345,78830.83,0.00383,True
1741637866360,78830.84,8e-05,False
1741637866360,78830.84,0.00054,False
1741637866360,78830.84,7e-05,False
1741637866360,78830.85,0.00056,False
1741637866360,78830.85,7e-05,False
1741637866360,78830.85,0.00013,False
1741637866360,78830.85,0.00014,False
1741637866360,78831.33,0.00013,False
1741637866360,78831.33,0.00013,False
1741637866360,78831.33,0.00013,False
1741637866360,78831.33,7e-05,False
1741637866360,78831.34,7e-05,False
1741637866360,78831.45,7e-05,False
1741637866360,78831.46,0.00029,False
1741637866360,78831.46,7e-05,False
1741637866360,78831.95,7e-05,False
1741637866360,78832.0,0.0001,False
1741637866360,78832.0,7e-05,False
1741637866360,78832.87,0.00013,False
1741637866360,78833.28,7e-05,False
1741637866360,78833.29,0.003,False
1741637866360,78833.36,0.00011,False
1741637866360,78833.37,0.00019,False
1741637866360,78833.37,0.0002,False
1741637866360,78833.52,7e-05,False
1741637866360,78833.53,0.00597,False
1741637866360,78834.27,9e-05,False
1741637866360,78834.82,0.00028,False
1741637866360,78835.12,0.00014,False
1741637866360,78835.4,7e-05,False
1741637866360,78835.67,0.00013,False
1741637866360,78836.0,0.0001,False
1741637866360,78837.82,0.0003,False
1741637866360,78837.9,0.00013,False
1741637866360,78838.89,0.00013,False
1741637866360,78839.46,7e-05,False
1741637866360,78839.47,0.00586,False
1741637866366,78839.47,7e-05,False
1741637866604,78839.47,9e-05,False
1741637866647,78839.46,0.00137,True
1741637866798,78839.47,0.00102,False
1741637867316,78839.46,0.00025,True
1741637867383,78839.47,0.0001,False
1741637867670,78839.46,0.00012,True
1741637867670,78839.46,7e-05,True
1741637867670,78839.46,7e-05,True
1741637867670,78839.46,0.00013,True
1741637867670,78839.46,0.00011,True
1741637867670,78839.46,0.00013,True
1741637867670,78839.46,0.00071,True
1741637867670,78839.46,7e-05,True
1741637867670,78839.46,7e-05,True
1741637867670,78839.46,7e-05,True
1741637867670,78839.46,7e-05,True
1741637867670,78839.46,0.0001,True
1741637867670,78839.46,0.0001,True
1741637867670,78839.45,0.00014,True
1741637867670,78839.45,0.00014,True
1741637867670,78839.45,7e-05,True
1741637867670,78839.45,7e-05,True
1741637867670,78839.13,7e-05,True
1741637867670,78839.13,7e-05,True
1741637867670,78839.12,7e-05,True
1741637867670,78839.12,7e-05,True
1741637867670,78839.11,7e-05,True
1741637867670,78839.11,7e-05,True
1741637867670,78838.9,7e-05,True
1741637867670,78838.68,7e-05,True
1741637867670,78838.68,7e-05,True
1741637867670,78838.67,0.00224,True
1741637867670,78838.67,7e-05,True
1741637867670,78838.58,7e-05,True
1741637867670,78838.58,8e-05,True
1741637868456,78838.58,0.0001,False
1741637868456,78838.58,0.0001,False
1741637868456,78838.58,0.0001,False
1741637868456,78838.58,0.0001,False
1741637868456,78838.58,7e-05,False
1741637868456,78838.58,0.0001,False
1741637868456,78838.58,0.0001,False
1741637868456,78838.58,0.0063,False
1741637868456,78838.58,0.01,False
1741637868456,78838.58,0.01,False
1741637868458,78838.58,0.00361,False
1741637868461,78838.58,0.00145,False
1741637868519,78838.58,0.01268,False
1741637868689,78838.58,0.07851,False
1741637868689,78838.58,0.0001,False
1741637868689,78838.58,0.0001,False
1741637868689,78838.58,7e-05,False
1741637868689,78838.58,7e-05,False
1741637868689,78838.58,7e-05,False
1741637868689,78838.58,0.00014,False
1741637868689,78838.58,0.0001,False
1741637868689,78838.58,0.0001,False
1741637868689,78838.58,0.01291,False
1741637868689,78838.58,0.0305,False
1741637868689,78838.58,0.154,False
1741637868689,78838.58,0.02121,False
1741637868689,78838.58,0.02078,False
1741637868689,78838.58,0.0001,False
1741637868689,78838.58,0.0001,False
1741637868689,78838.58,0.21891,False
1741637868689,78838.58,0.06715,False
1741637869011,78838.58,0.00031,False
1741637869011,78838.58,0.01045,False
1741637869055,78838.58,0.0002,False
1741637869106,78838.58,0.00051,False
1741637869106,78838.58,0.01005,False
1741637869106,78838.58,0.0001,False
1741637869106,78838.58,7e-05,False
1741637869106,78838.58,0.0001,False
1741637869106,78838.58,0.0001,False
1741637869106,78838.58,0.0001,False
1741637869106,78838.58,0.00014,False
1741637869106,78838.58,0.00112,False
1741637869106,78838.58,0.01969,False
1741637869106,78838.58,0.00152,False
1741637869106,78838.58,0.00848,False
1741637869228,78838.58,0.01273,False
1741637869228,78838.58,0.0001,False
1741637869228,78838.58,0.0001,False
1741637869228,78838.58,0.0001,False
1741637869228,78838.58,7e-05,False
1741637869228,78838.58,0.00143,False
1741637869228,78838.58,0.00078,False
1741637869228,78838.58,0.01,False
1741637869261,78838.58,0.00013,False
1741637869355,78838.58,0.0103,False
1741637869355,78838.58,0.0001,False
1741637869355,78838.58,7e-05,False
1741637869355,78838.58,0.0012,False
1741637869355,78838.58,0.00014,False
1741637869355,78838.58,0.00109,False
1741637869356,78838.58,0.0176,False
1741637869357,78838.58,0.0001,False
1741637869358,78838.58,0.00242,False
1741637869358,78838.58,0.0001,False
1741637869358,78838.58,0.01837,False
1741637869358,78838.59,0.00014,False
1741637869358,78838.59,0.00022,False
1741637869360,78838.59,0.00035,False
1741637869360,78838.59,0.00014,False
1741637869360,78838.59,7e-05,False
1741637869360,78838.6,0.00014,False
1741637869360,78838.6,7e-05,False
1741637869390,78839.11,7e-05,False
1741637869390,78839.11,0.0001,False
1741637869390,78839.11,0.00055,False
1741637869390,78839.12,7e-05,False
1741637869390,78839.12,0.00054,False
1741637869390,78839.4,7e-05,False
1741637869390,78839.4,7e-05,False
1741637869390,78839.41,7e-05,False
1741637869390,78839.41,0.0004,False
1741637869390,78839.41,0.0004,False
1741637869390,78839.41,0.00049,False
1741637869390,78839.41,0.0004,False
1741637869390,78839.42,7e-05,False
1741637869390,78839.45,7e-05,False
1741637869390,78839.45,7e-05,False
1741637869390,78839.46,7e-05,False
1741637869390,78839.46,0.00228,False
1741637869390,78839.46,7e-05,False
1741637869390,78839.47,0.00535,False
1741637869420,78839.47,0.0001,False
1741637869420,78839.47,7e-05,False
1741637869420,78839.47,0.0001,False
1741637869420,78839.47,0.0001,False
1741637869420,78839.47,0.0001,False
1741637869420,78839.47,0.00057,False
1741637869420,78839.48,0.00043,False
1741637869420,78839.48,7e-05,False
1741637869420,78839.48,0.00052,False
1741637869420,78839.48,0.00013,False
1741637869420,78839.62,7e-05,False
1741637869420,78839.62,8e-05,False
1741637869420,78839.62,7e-05,False
1741637869453,78839.63,0.04464,False
1741637869453,78839.63,0.0001,False
1741637869453,78839.63,0.0001,False
1741637869453,78839.63,0.0001,False
1741637869453,78839.63,0.00514,False
1741637869453,78839.63,7e-05,False
1741637869453,78839.63,0.00014,False
1741637869453,78839.64,0.00053,False
1741637869453,78839.64,7e-05,False
1741637869453,78839.65,0.00014,False
1741637869453,78839.65,7e-05,False
1741637869453,78839.81,0.00016,False
1741637869453,78839.81,7e-05,False
1741637869453,78839.9,7e-05,False
1741637869453,78839.9,0.00011,False
1741637869453,78839.9,7e-05,False
1741637869464,78839.91,0.02209,False
1741637869464,78839.91,0.00651,False
1741637869464,78839.91,7e-05,False
1741637869464,78839.91,0.0001,False
1741637869464,78839.91,0.0001,False
1741637869464,78839.91,0.0001,False
1741637869464,78839.91,0.00318,False
1741637869464,78839.91,0.02209,False
1741637869464,78839.91,0.02209,False
1741637869464,78839.91,0.02209,False
1741637869464,78839.91,0.02209,False
1741637869464,78839.91,0.00956,False
1741637869464,78839.92,0.00058,False
1741637869464,78839.99,7e-05,False
1741637869464,78839.99,0.00013,False
1741637869464,78839.99,7e-05,False
1741637869502,78839.99,0.00627,True
1741637869514,78840.0,0.00995,False
1741637869524,78840.0,0.013,False
1741637869591,78839.99,0.00212,True
1741637869844,78840.0,0.00382,False
1741637869991,78840.0,0.00063,False
1741637869994,78839.99,0.00011,True
1741637869997,78840.0,0.018,False
1741637870152,78840.0,0.00766,False
1741637870323,78840.0,0.039,False
1741637870326,78840.0,0.00941,False
1741637870326,78840.0,0.0001,False
1741637870326,78840.0,7e-05,False
1741637870326,78840.0,0.0001,False
1741637870326,78840.0,0.0001,False
1741637870326,78840.0,0.0001,False
1741637870326,78840.0,0.00014,False
1741637870326,78840.0,0.00753,False
1741637870326,78840.01,0.00054,False
1741637870326,78840.01,0.00013,False
1741637870326,78840.01,0.00013,False
1741637870326,78840.01,7e-05,False
1741637870326,78840.02,0.00013,False
1741637870326,78840.02,7e-05,False
1741637870326,78841.57,0.00055,False
1741637870326,78841.57,7e-05,False
1741637870326,78842.45,7e-05,False
1741637870326,78842.45,7e-05,False
1741637870326,78842.45,7e-05,False
1741637870359,78842.46,0.00027,False
1741637870359,78842.46,7e-05,False
1741637870359,78842.46,0.00055,False
1741637870359,78842.47,0.00015,False
1741637870359,78842.47,0.00055,False
1741637870359,78842.47,7e-05,False
1741637870359,78842.56,7e-05,False
1741637870359,78843.46,0.00021,False
1741637870359,78843.46,0.00021,False
1741637870359,78843.46,0.00021,False
1741637870359,78843.46,7e-05,False
1741637870359,78843.64,7e-05,False
1741637870359,78843.64,7e-05,False
1741637870359,78843.65,0.00232,False
1741637870392,78843.65,0.00068,False
1741637870392,78843.65,7e-05,False
1741637870392,78843.65,0.00051,False
1741637870392,78843.65,0.0001,False
1741637870392,78843.65,7e-05,False
1741637870392,78843.66,0.00052,False
1741637870392,78843.66,7e-05,False
1741637870392,78843.95,7e-05,False
1741637870392,78844.0,0.0001,False
1741637870392,78844.0,7e-05,False
1741637870392,78845.21,8e-05,False
1741637870392,78845.21,7e-05,False
1741637870392,78845.42,0.00138,False
1741637870392,78845.42,7e-05,False
1741637870392,78845.43,7e-05,False
1741637870392,78845.43,0.00014,False
1741637870392,78845.44,0.00011,False
1741637870392,78845.44,7e-05,False
1741637870392,78845.44,8e-05,False
1741637870410,78845.44,0.0001,False
1741637870410,78845.44,0.0001,False
1741637870410,78845.44,0.00015,False
1741637870410,78845.44,0.0001,False
1741637870410,78845.44,7e-05,False
1741637870410,78845.44,7e-05,False
1741637870410,78845.45,0.00133,False
1741637870410,78845.45,7e-05,False
1741637870410,78845.45,0.00055,False
1741637870410,78845.68,7e-05,False
1741637870410,78846.95,0.00014,False
1741637870410,78846.95,7e-05,False
1741637870417,78847.99,7e-05,False
1741637870417,78847.99,7e-05,False
1741637870417,78847.99,0.0001,False
1741637870417,78847.99,0.00012,False
1741637870417,78847.99,0.0001,False
1741637870417,78847.99,0.0001,False
1741637870417,78847.99,0.00054,False
1741637870417,78848.0,0.0001,False
1741637870417,78848.0,0.002,False
1741637870417,78848.0,7e-05,False
1741637870417,78848.0,0.00051,False
1741637870417,78848.0,0.00013,False
1741637870417,78848.08,7e-05,False
1741637870417,78848.08,7e-05,False
1741637870417,78848.17,7e-05,False
1741637870417,78848.19,7e-05,False
1741637870417,78848.8,7e-05,False
1741637870417,78848.8,0.001,False
1741637870417,78848.8,0.00023,False
1741637870417,78848.8,0.00018,False
1741637870417,78848.8,0.00016,False
1741637870417,78848.8,0.00016,False
1741637870417,78848.81,7e-05,False
1741637870417,78848.82,0.00016,False
1741637870417,78848.82,7e-05,False
1741637870417,78848.83,0.00119,False
1741637870417,78848.97,0.001,False
1741637870417,78849.33,0.00101,False
1741637870417,78849.41,0.00013,False
1741637870417,78849.41,0.00012,False
1741637870417,78849.7,0.00136,False
1741637870417,78849.75,0.00013,False
1741637870417,78849.85,7e-05,False
1741637870420,78849.86,7e-05,False
1741637870470,78849.86,7e-05,False
1741637870470,78849.86,0.0001,False
1741637870470,78849.86,0.0001,False
1741637870470,78849.86,0.0001,False
1741637870470,78849.86,7e-05,False
1741637870470,78849.86,0.0001,False
1741637870470,78849.86,0.00053,False
1741637870470,78849.86,0.00014,False
1741637870470,78849.87,0.0001,False
1741637870470,78849.87,0.00054,False
1741637870470,78849.87,7e-05,False
1741637870470,78849.88,0.00014,False
1741637870470,78849.88,7e-05,False
1741637870470,78850.55,7e-05,False
1741637870470,78851.06,7e-05,False
1741637870470,78851.06,7e-05,False
1741637870470,78851.07,0.00792,False
1741637870470,78851.07,7e-05,False
1741637870470,78851.27,7e-05,False
1741637870470,78851.28,7e-05,False
1741637870470,78851.28,0.00013,False
1741637870470,78851.28,0.00114,False
1741637870470,78851.28,0.00013,False
1741637870470,78851.28,7e-05,False
1741637870470,78851.8,0.00012,False
1741637870470,78851.99,0.00016,False
1741637870470,78852.0,0.0001,False
1741637870470,78852.0,0.002,False
1741637870470,78853.03,0.00019,False
1741637870470,78853.04,0.003,False
1741637870470,78853.86,0.00013,False
1741637870470,78853.93,7e-05,False
1741637870470,78853.94,0.00504,False
1741637870470,78854.13,8e-05,False
1741637870470,78854.4,7e-05,False
1741637870470,78854.41,0.01998,False
1741637870470,78854.92,0.00302,False
1741637870470,78855.24,0.00021,False
1741637870470,78855.24,7e-05,False
1741637870470,78855.25,0.15636,False
1741637870473,78855.24,0.00164,True
1741637870480,78855.25,0.00027,False
1741637870514,78855.24,0.04679,True
1741637870572,78855.25,0.01982,False
1741637870632,78855.25,0.00232,False
1741637870636,78855.24,0.37629,True
1741637870636,78855.24,0.08842,True
1741637870636,78855.24,0.2189,True
1741637870636,78855.24,0.3813,True
1741637870636,78855.24,0.57918,True
1741637870636,78855.24,0.12182,True
1741637870636,78855.24,0.08923,True
1741637870636,78855.24,0.154,True
1741637870636,78855.24,0.58653,True
1741637870636,78855.24,7e-05,True
1741637870636,78855.24,7e-05,True
1741637870636,78855.24,7e-05,True
1741637870636,78855.24,7e-05,True
1741637870636,78855.24,0.09522,True
1741637870636,78855.24,7e-05,True
1741637870636,78855.24,7e-05,True
1741637870641,78855.23,0.00014,True
1741637870641,78855.23,0.00013,True
1741637870641,78855.23,7e-05,True
1741637870641,78855.23,7e-05,True
1741637870641,78855.23,0.0001,True
1741637870641,78855.23,0.0001,True
1741637870641,78855.23,0.12182,True
1741637870641,78855.23,0.0001,True
1741637870641,78855.23,7e-05,True
1741637870641,78855.23,7e-05,True
1741637870641,78855.23,7e-05,True
1741637870641,78855.23,7e-05,True
1741637870641,78855.06,7e-05,True
1741637870641,78855.06,7e-05,True
1741637870641,78855.06,7e-05,True
1741637870641,78855.05,7e-05,True
1741637870641,78855.05,7e-05,True
1741637870641,78854.91,7e-05,True
1741637870641,78854.91,7e-05,True
1741637870641,78854.73,7e-05,True
1741637870641,78854.73,7e-05,True
1741637870641,78854.73,7e-05,True
1741637870641,78854.42,7e-05,True
1741637870641,78854.41,7e-05,True
1741637870713,78854.01,0.00951,False
1741637870713,78854.01,0.0702,False
1741637870713,78854.01,0.06972,False
1741637870713,78854.01,0.17115,False
1741637870713,78854.01,0.05026,False
1741637870869,78854.0,7e-05,True
1741637870869,78854.0,0.00013,True
1741637870869,78854.0,7e-05,True
1741637870869,78854.0,6e-05,True
1741637870948,78854.0,8e-05,True
1741637870948,78854.0,7e-05,True
1741637870948,78854.0,7e-05,True
1741637870948,78854.0,7e-05,True
1741637870948,78854.0,7e-05,True
1741637870948,78854.0,0.0001,True
1741637870948,78854.0,0.0001,True
1741637870948,78854.0,0.0001,True
1741637870948,78854.0,7e-05,True
1741637870948,78854.0,7e-05,True
1741637870948,78853.99,0.00013,True
1741637870948,78853.99,7e-05,True
1741637870948,78853.99,7e-05,True
1741637870948,78853.99,0.00013,True
1741637870948,78853.94,7e-05,True
1741637870948,78853.94,7e-05,True
1741637870948,78853.94,7e-05,True
1741637870948,78853.14,7e-05,True
1741637870948,78853.14,7e-05,True
1741637870948,78852.18,7e-05,True
1741637870948,78852.18,7e-05,True
1741637870948,78852.17,7e-05,True
1741637870948,78852.01,7e-05,True
1741637870948,78852.0,7e-05,True
1741637870948,78851.56,7e-05,True
1741637870948,78850.01,7e-05,True
1741637870948,78850.01,8e-05,True
1741637870948,78850.0,0.0223,True
1741637870948,78848.01,7e-05,True
1741637870948,78848.01,9e-05,True
1741637870948,78848.0,0.01542,True
1741637871011,78848.01,0.00012,False
1741637871168,78848.01,0.00076,False
1741637871176,78848.0,7e-05,True
1741637871176,78848.0,7e-05,True
1741637871176,78848.0,7e-05,True
1741637871176,78848.0,7e-05,True
1741637871176,78848.0,7e-05,True
1741637871176,78848.0,7e-05,True
1741637871176,78848.0,0.00014,True
1741637871176,78848.0,0.00013,True
1741637871176,78848.0,0.0001,True
1741637871176,78848.0,0.0001,True
1741637871176,78848.0,0.0001,True
1741637871176,78847.99,9e-05,True
1741637871176,78847.99,7e-05,True
1741637871176,78847.99,7e-05,True
1741637871176,78847.99,0.00019,True
1741637871176,78847.99,0.00016,True
1741637871176,78847.99,0.00016,True
1741637871176,78847.99,0.00013,True
1741637871176,78847.99,0.00014,True
1741637871176,78847.98,7e-05,True
1741637871176,78847.98,7e-05,True
1741637871176,78847.89,7e-05,True
1741637871176,78847.89,7e-05,True
1741637871176,78847.89,7e-05,True
1741637871176,78847.88,0.00282,True
1741637871176,78847.88,7e-05,True
1741637871176,78847.88,7e-05,True
1741637871176,78847.2,7e-05,True
1741637871176,78847.19,7e-05,True
1741637871176,78846.25,7e-05,True
1741637871176,78846.01,0.00011,True
1741637871176,78845.23,7e-05,True
1741637871176,78844.67,9e-05,True
1741637871176,78844.01,7e-05,True
1741637871207,78844.01,0.00215,False
1741637871215,78844.0,7e-05,True
1741637871215,78844.0,0.00159,True
1741637871215,78844.0,7e-05,True
1741637871215,78844.0,7e-05,True
1741637871215,78844.0,0.0001,True
1741637871215,78844.0,0.0001,True
1741637871215,78844.0,0.0001,True
1741637871215,78844.0,7e-05,True
1741637871215,78844.0,7e-05,True
1741637871215,78844.0,7e-05,True
1741637871215,78843.99,0.0002,True
1741637871215,78843.99,7e-05,True
1741637871215,78843.99,7e-05,True
1741637871215,78843.34,0.00023,True
1741637871215,78843.34,0.00023,True
1741637871215,78843.34,0.00023,True
1741637871215,78843.34,7e-05,True
1741637871215,78843.34,7e-05,True
1741637871215,78843.14,7e-05,True
1741637871215,78843.14,7e-05,True
1741637871215,78843.14,7e-05,True
1741637871215,78843.13,0.00502,True
1741637871215,78843.13,7e-05,True
1741637871215,78843.13,7e-05,True
1741637871215,78842.46,7e-05,True
1741637871215,78842.45,7e-05,True
1741637871215,78842.01,7e-05,True
1741637871215,78842.01,7e-05,True
1741637871254,78842.0,0.0001,True
1741637871254,78842.0,0.0001,True
1741637871254,78842.0,0.0001,True
1741637871254,78842.0,7e-05,True
1741637871254,78842.0,7e-05,True
1741637871254,78842.0,7e-05,True
1741637871254,78842.0,7e-05,True
1741637871254,78842.0,0.00131,True
1741637871254,78842.0,7e-05,True
1741637871254,78842.0,7e-05,True
1741637871254,78842.0,0.00013,True
1741637871254,78841.99,0.0001,True
1741637871254,78841.99,0.00014,True
1741637871254,78841.99,7e-05,True
1741637871254,78841.99,7e-05,True
1741637871254,78841.45,7e-05,True
1741637871254,78841.45,7e-05,True
1741637871254,78840.01,7e-05,True
1741637871254,78840.01,7e-05,True
1741637871254,78840.01,7e-05,True
1741637871280,78840.01,0.0004,False
1741637871280,78840.01,7e-05,False
1741637871280,78840.01,0.00019,False
1741637871399,78840.01,0.0024,False
1741637872457,78840.01,0.00266,False
1741637872651,78840.0,7e-05,True
1741637872651,78840.0,7e-05,True
1741637872651,78840.0,7e-05,True
1741637872651,78840.0,0.00017,True
1741637872651,78840.0,0.0001,True
1741637872651,78840.0,0.00017,True
1741637872651,78840.0,0.00017,True
1741637872651,78840.0,0.00013,True
1741637872651,78840.0,0.00073,True
1741637872651,78840.0,0.0032,True
1741637872684,78840.01,0.00114,False
1741637872794,78840.01,0.00011,False
1741637873701,78840.01,0.0231,False
1741637873859,78840.0,0.00119,True
1741637873859,78840.0,7e-05,True
1741637873859,78840.0,7e-05,True
1741637873859,78840.0,7e-05,True
1741637873859,78840.0,7e-05,True
1741637873859,78840.0,7e-05,True
1741637873859,78840.0,0.00013,True
1741637873859,78840.0,0.0001,True
1741637873859,78840.0,0.0001,True
1741637873859,78840.0,0.0001,True
1741637873859,78840.0,7e-05,True
1741637873859,78839.99,0.00014,True
1741637873859,78839.99,0.00013,True
1741637873859,78839.99,0.00013,True
1741637873859,78839.99,7e-05,True
1741637873859,78839.99,7e-05,True
1741637873859,78839.82,7e-05,True
1741637873859,78839.82,7e-05,True
1741637873859,78839.82,0.0001,True
1741637873859,78839.81,7e-05,True
1741637873859,78839.81,7e-05,True
1741637873859,78839.81,0.00013,True
1741637873859,78839.8,7e-05,True
1741637873859,78839.8,7e-05,True
1741637873859,78839.69,7e-05,True
1741637873859,78839.69,7e-05,True
1741637873859,78839.63,7e-05,True
1741637873859,78839.63,7e-05,True
1741637873859,78839.62,0.04461,True
1741637873859,78839.62,7e-05,True
1741637873859,78839.46,0.00302,True
1741637873859,78839.46,0.00101,True
1741637873862,78837.13,0.00504,True
1741637873862,78836.13,0.00019,True
1741637873862,78836.13,0.00019,True
1741637873862,78836.13,0.00019,True
1741637873862,78835.8,0.0028,True
1741637873862,78835.8,0.0012,True
1741637873862,78835.12,0.00014,True
1741637873863,78834.26,8e-05,True
1741637873863,78834.25,0.00013,True
1741637873863,78834.01,7e-05,True
1741637873864,78833.2,0.00506,True
1741637873864,78833.14,7e-05,True
1741637873864,78833.13,0.01618,True
1741637873864,78833.13,0.12869,True
1741637873865,78832.6,0.00013,True
1741637873866,78831.57,0.003,True
1741637873866,78830.62,0.00647,True
1741637873867,78830.62,0.00947,True
1741637873870,78830.62,0.01718,True
1741637873870,78830.53,0.00394,True
1741637873920,78828.11,7e-05,True
1741637873920,78828.11,7e-05,True
1741637873920,78828.11,7e-05,True
1741637873920,78828.11,7e-05,True
1741637873920,78828.11,7e-05,True
1741637873920,78828.11,7e-05,True
1741637873920,78828.11,7e-05,True
1741637873920,78828.1,0.00014,True
1741637873920,78828.1,0.00059,True
1741637873923,78827.84,7e-05,True
1741637873923,78827.84,7e-05,True
1741637873923,78827.84,0.00042,True
1741637873923,78827.84,0.00042,True
1741637873923,78827.84,0.00017,True
1741637873923,78827.84,0.00042,True
1741637873923,78827.83,7e-05,True
1741637873923,78827.56,7e-05,True
1741637873924,78826.95,7e-05,True
1741637873924,78826.66,7e-05,True
1741637873924,78826.65,0.00809,True
1741637873924,78826.31,7e-05,True
1741637873924,78826.3,0.004,True
1741637873941,78823.51,0.00354,True
1741637873941,78823.01,7e-05,True
1741637873941,78823.01,0.00024,True
1741637873941,78823.0,0.00013,True
1741637873941,78823.0,0.04777,True
1741637873943,78821.95,0.00388,True
1741637873943,78821.91,7e-05,True
1741637873943,78821.9,0.00505,True
1741637873943,78821.5,7e-05,True
1741637873943,78821.49,0.003,True
1741637873943,78820.97,0.00013,True
1741637873943,78820.9,0.00018,True
1741637873943,78820.67,0.00045,True
1741637873943,78820.3,0.00013,True
1741637873943,78820.0,0.00012,True
1741637873943,78819.91,7e-05,True
1741637873943,78819.9,0.01225,True
1741637874025,78819.9,0.00382,True
1741637874028,78819.91,0.007,False
1741637874110,78819.9,0.00028,True
1741637874176,78819.91,0.00101,False
1741637874219,78819.9,0.02563,True
1741637874260,78819.9,0.0002,True
1741637874278,78819.9,0.00397,True
1741637874346,78819.9,0.00874,True
1741637874346,78819.9,0.0212,True
1741637874346,78819.9,0.006,True
1741637874346,78819.9,7e-05,True
1741637874346,78819.91,0.00307,False
1741637874578,78819.9,0.00261,True
1741637874690,78819.91,0.01268,False
1741637874956,78819.91,0.00061,False
1741637875264,78819.9,0.0002,True
1741637875385,78819.91,0.00063,False
1741637875393,78819.91,0.00013,False
1741637875453,78819.91,0.0034,False
1741637875611,78819.9,0.0165,True
1741637875611,78819.9,7e-05,True
1741637875611,78819.9,7e-05,True
1741637875611,78819.9,7e-05,True
1741637875611,78819.9,0.00013,True
1741637875611,78819.9,7e-05,True
1741637875611,78819.9,7e-05,True
1741637875611,78819.9,0.001,True
1741637875611,78819.9,7e-05,True
1741637875611,78819.9,0.0001,True
1741637875611,78819.89,0.00041,True
1741637875611,78819.89,0.00013,True
1741637875611,78819.89,0.00014,True
1741637875611,78819.89,7e-05,True
1741637875611,78819.89,7e-05,True
1741637875611,78819.82,7e-05,True
1741637875611,78819.82,7e-05,True
1741637875611,78819.81,7e-05,True
1741637875611,78819.81,7e-05,True
1741637875611,78819.8,7e-05,True
1741637875611,78819.8,7e-05,True
1741637875611,78819.1,7e-05,True
1741637875611,78818.97,7e-05,True
1741637875611,78818.97,7e-05,True
1741637875611,78818.96,0.00044,True
1741637875611,78818.96,0.00072,True
1741637875611,78818.96,0.00044,True
1741637875611,78818.96,0.0002,True
1741637875611,78818.96,7e-05,True
1741637875764,78817.11,7e-05,True
1741637875764,78817.11,7e-05,True
1741637875764,78817.11,6e-05,True
1741637875899,78817.11,1e-05,True
1741637875899,78817.11,7e-05,True
1741637875899,78817.11,7e-05,True
1741637875899,78817.11,0.00014,True
1741637875899,78817.11,9e-05,True
1741637875899,78817.11,9e-05,True
1741637875899,78817.11,9e-05,True
1741637875899,78817.11,7e-05,True
1741637875899,78817.11,7e-05,True
1741637875899,78817.11,0.00013,True
1741637875899,78817.11,0.0001,True
1741637875899,78817.11,0.0001,True
1741637875899,78817.11,0.0001,True
1741637875899,78817.11,7e-05,True
1741637875899,78817.11,7e-05,True
1741637875899,78817.1,0.004,True
1741637875899,78817.1,7e-05,True
1741637875899,78817.1,7e-05,True
1741637875899,78817.1,0.00014,True
1741637875899,78817.1,0.00014,True
1741637875899,78817.0,0.00014,True
1741637875899,78817.0,7e-05,True
1741637875899,78817.0,7e-05,True
1741637875899,78816.73,7e-05,True
1741637875899,78816.73,7e-05,True
1741637875899,78816.73,7e-05,True
1741637875899,78816.35,7e-05,True
1741637875899,78816.35,7e-05,True
1741637875899,78816.35,7e-05,True
1741637875899,78816.34,0.003,True
1741637875899,78816.34,7e-05,True
1741637875899,78816.01,7e-05,True
1741637875899,78815.94,7e-05,True
1741637875899,78815.94,7e-05,True
1741637875899,78814.49,0.00052,True
1741637875899,78814.01,0.00011,True
1741637875899,78814.01,9e-05,True
1741637875899,78814.01,7e-05,True
1741637875899,78814.01,0.0001,True
1741637875952,78814.0,0.0001,True
1741637875952,78814.0,0.0001,True
1741637875952,78814.0,0.0001,True
1741637875952,78814.0,7e-05,True
1741637875952,78814.0,7e-05,True
1741637875952,78814.0,7e-05,True
1741637875952,78814.0,7e-05,True
1741637875952,78814.0,7e-05,True
1741637875952,78814.0,7e-05,True
1741637875952,78814.0,0.00101,True
1741637875952,78814.0,0.0305,True
1741637875952,78813.99,0.00016,True
1741637875952,78813.99,7e-05,True
1741637875952,78813.99,7e-05,True
1741637875952,78813.99,0.00013,True
1741637875952,78813.51,0.00018,True
1741637875952,78813.51,0.00018,True
1741637875952,78813.51,0.00018,True
1741637875952,78813.51,7e-05,True
1741637875952,78813.51,7e-05,True
1741637875952,78813.5,0.001,True
1741637875952,78813.5,7e-05,True
1741637875952,78813.5,7e-05,True
1741637875952,78812.77,7e-05,True
1741637875952,78812.77,7e-05,True
1741637875952,78812.77,7e-05,True
1741637875952,78812.01,7e-05,True
1741637875952,78812.01,7e-05,True
1741637875952,78812.01,9e-05,True
1741637875952,78812.0,0.00508,True
1741637876044,78812.01,0.01,False
1741637876044,78812.01,0.00982,False
1741637876050,78812.01,0.00012,False
1741637876082,78812.0,7e-05,True
1741637876082,78812.0,7e-05,True
1741637876082,78812.0,7e-05,True
1741637876082,78812.0,7e-05,True
1741637876082,78812.0,0.00301,True
1741637876082,78812.0,7e-05,True
1741637876082,78812.0,7e-05,True
1741637876082,78812.0,0.00014,True
1741637876082,78812.0,0.0001,True
1741637876082,78812.0,0.0001,True
1741637876082,78812.0,0.0001,True
1741637876082,78811.99,0.0001,True
1741637876082,78811.99,7e-05,True
1741637876082,78811.99,7e-05,True
1741637876082,78811.99,0.00014,True
1741637876082,78811.98,7e-05,True
1741637876082,78811.98,7e-05,True
1741637876082,78811.98,7e-05,True
1741637876082,78811.87,0.00014,True
1741637876082,78811.87,7e-05,True
1741637876082,78811.87,7e-05,True
1741637876082,78811.8,7e-05,True
1741637876082,78811.8,7e-05,True
1741637876082,78811.0,7e-05,True
1741637876082,78810.4,7e-05,True
1741637876082,78810.37,0.00017,True
1741637876082,78810.37,7e-05,True
1741637876082,78810.36,0.00107,True
1741637876082,78810.15,0.00025,True
1741637876082,78810.01,0.00011,True
1741637876082,78809.49,0.00023,True
1741637876082,78808.81,7e-05,True
1741637876082,78808.14,0.0002,True
1741637876082,78808.14,0.00013,True
1741637876082,78808.14,0.00027,True
1741637876082,78808.14,0.00027,True
1741637876082,78808.14,0.00027,True
1741637876082,78808.01,7e-05,True
1741637876267,78807.25,7e-05,True
1741637876267,78807.25,7e-05,True
1741637876267,78807.25,6e-05,True
1741637876297,78807.26,0.00126,False
1741637876355,78807.25,0.00017,True
1741637876355,78807.25,7e-05,True
1741637876355,78807.25,7e-05,True
1741637876355,78807.25,7e-05,True
1741637876355,78807.25,0.00121,True
1741637876447,78807.26,0.00215,False
1741637877095,78807.25,0.00143,True
1741637877469,78807.26,7e-05,False
1741637877469,78807.26,0.00014,False
1741637877469,78807.26,0.00013,False
1741637877469,78807.26,9e-05,False
1741637877469,78807.26,0.00092,False
1741637877469,78807.26,0.0001,False
1741637877469,78807.26,0.0001,False
1741637877469,78807.26,0.0001,False
1741637877469,78807.26,0.00056,False
1741637877469,78807.27,0.00014,False
1741637877469,78807.27,7e-05,False
1741637877469,78807.29,0.00014,False
1741637877469,78807.29,7e-05,False
1741637877469,78807.31,7e-05,False
1741637877469,78807.33,0.00051,False
1741637877469,78807.33,7e-05,False
1741637877469,78807.34,7e-05,False
1741637877469,78807.35,7e-05,False
1741637877469,78808.01,7e-05,False
1741637877469,78808.01,7e-05,False
1741637877469,78809.99,7e-05,False
1741637878285,78810.0,7e-05,False
1741637878285,78810.0,0.00012,False
1741637878316,78810.0,1e-05,False
1741637878316,78810.0,0.00139,False
1741637878316,78810.0,0.0001,False
1741637878316,78810.0,0.00054,False
1741637878316,78810.0,7e-05,False
1741637878316,78810.0,0.0001,False
1741637878316,78810.0,0.0001,False
1741637878316,78810.0,0.0001,False
1741637878316,78810.01,0.00013,False
1741637878316,78810.01,0.00014,False
1741637878316,78810.01,7e-05,False
1741637878316,78810.05,7e-05,False
1741637878316,78810.05,0.00052,False
1741637878316,78810.06,7e-05,False
1741637878316,78810.07,7e-05,False
1741637878316,78810.07,0.00013,False
1741637878316,78810.39,7e-05,False
1741637878316,78810.39,7e-05,False
1741637878316,78811.04,7e-05,False
1741637878316,78811.05,7e-05,False
1741637878316,78811.49,0.00309,False
1741637878316,78811.97,7e-05,False
1741637878316,78811.98,0.00022,False
1741637878316,78812.0,0.00018,False
1741637878316,78812.0,0.00018,False
1741637878316,78812.0,0.00018,False
1741637878316,78812.01,0.00016,False
1741637878316,78812.01,0.00025,False
1741637878316,78813.55,7e-05,False
1741637878316,78813.6,7e-05,False
1741637878589,78813.61,0.00133,False
1741637878973,78813.61,0.0002,False
1741637878995,78813.61,0.00013,False
1741637879050,78813.61,0.00382,False
1741637879670,78813.61,0.00136,False
1741637879783,78813.6,7e-05,True
1741637879783,78813.6,7e-05,True
1741637879783,78813.6,7e-05,True
1741637879783,78813.6,0.00024,True
1741637880018,78813.61,0.00049,False
1741637880074,78813.6,0.00147,True
1741637880113,78813.61,0.00016,False
1741637880279,78813.6,0.0002,True
1741637880320,78813.6,9e-05,True
1741637880420,78813.6,0.06709,True
1741637880421,78813.6,0.04373,True
1741637880421,78813.6,0.00013,True
1741637880421,78813.6,7e-05,True
1741637880421,78813.6,7e-05,True
1741637880421,78813.6,0.00174,True
1741637880421,78813.6,7e-05,True
1741637880421,78813.6,7e-05,True
1741637880421,78813.6,7e-05,True
1741637880421,78813.6,0.0001,True
1741637880421,78813.6,0.0001,True
1741637880421,78813.6,0.0001,True
1741637880421,78813.6,7e-05,True
1741637880421,78813.6,0.001,True
1741637880421,78813.59,0.00014,True
1741637880421,78813.59,7e-05,True
1741637880421,78813.59,7e-05,True
1741637880421,78813.59,0.00013,True
1741637880421,78813.56,7e-05,True
1741637880421,78813.56,7e-05,True
1741637880421,78813.49,7e-05,True
1741637880421,78813.49,7e-05,True
1741637880421,78813.45,0.00014,True
1741637880421,78813.45,7e-05,True
1741637880421,78813.45,7e-05,True
1741637880421,78813.27,7e-05,True
1741637880421,78813.09,7e-05,True
1741637880421,78812.77,7e-05,True
1741637880421,78812.77,7e-05,True
1741637880421,78812.05,7e-05,True
1741637880421,78812.05,9e-05,True
1741637880425,78812.04,0.0001,True
1741637880425,78812.04,0.0001,True
1741637880425,78812.04,0.0001,True
1741637880425,78812.04,7e-05,True
1741637880425,78812.04,7e-05,True
1741637880425,78812.01,7e-05,True
1741637880425,78812.01,7e-05,True
1741637880425,78811.51,8e-05,True
1741637880425,78810.8,0.004,True
1741637880425,78810.03,7e-05,True
1741637880425,78810.03,7e-05,True
1741637880427,78810.02,7e-05,True
1741637880432,78808.61,0.00016,True
1741637880432,78808.61,0.00016,True
1741637880432,78808.61,0.00016,True
1741637880432,78808.61,7e-05,True
1741637880432,78807.3,0.003,True
1741637880432,78807.3,7e-05,True
1741637880432,78807.28,7e-05,True
1741637880442,78806.9,0.00505,True
1741637880442,78806.35,0.00013,True
1741637880442,78806.26,8e-05,True
1741637880442,78806.01,7e-05,True
1741637880442,78805.59,7e-05,True
1741637880449,78805.4,0.00348,True
1741637880449,78805.4,7e-05,True
1741637880449,78805.4,7e-05,True
1741637880460,78804.65,7e-05,True
1741637880460,78804.65,7e-05,True
1741637880460,78804.65,0.0001,True
1741637880460,78804.65,0.0001,True
1741637880460,78804.65,0.0001,True
1741637880460,78804.65,7e-05,True
1741637880460,78804.65,7e-05,True
1741637880460,78804.65,7e-05,True
1741637880460,78804.65,7e-05,True
1741637880460,78804.14,7e-05,True
1741637880460,78804.13,0.003,True
1741637880460,78804.13,7e-05,True
1741637880460,78804.13,7e-05,True
1741637880460,78804.1,0.001,True
1741637880460,78804.1,7e-05,True
1741637880460,78804.1,7e-05,True
1741637880460,78804.06,7e-05,True
1741637880460,78804.06,7e-05,True
1741637880460,78803.75,0.00013,True
1741637880460,78803.75,7e-05,True
1741637880460,78803.75,7e-05,True
1741637880460,78802.9,7e-05,True
1741637880460,78802.9,7e-05,True
1741637880460,78802.9,0.00043,True
1741637880460,78802.9,0.00028,True
1741637880460,78802.9,0.00028,True
1741637880460,78802.9,0.00028,True
1741637880460,78802.89,7e-05,True
1741637880460,78801.82,7e-05,True
1741637880468,78801.81,0.0001,True
1741637880468,78801.81,0.0001,True
1741637880468,78801.81,0.0001,True
1741637880468,78801.81,7e-05,True
1741637880468,78801.41,7e-05,True
1741637880468,78801.4,0.004,True
1741637880468,78801.4,7e-05,True
1741637880468,78801.4,7e-05,True
1741637880468,78801.27,0.00013,True
1741637880468,78801.27,7e-05,True
1741637880468,78801.15,7e-05,True
1741637880468,78801.14,0.00304,True
1741637880666,78800.01,0.00016,False
1741637880666,78800.01,0.00019,False
1741637880705,78800.01,0.41709,False
1741637880780,78800.01,0.0001,False
1741637880780,78800.01,7e-05,False
1741637880780,78800.01,0.00853,False
1741637880780,78800.01,0.0001,False
1741637880780,78800.01,7e-05,False
1741637880780,78800.01,7e-05,False
1741637880780,78800.01,0.00013,False
1741637880780,78800.01,0.00013,False
1741637880780,78800.01,0.0001,False
1741637880780,78800.01,0.001,False
1741637880780,78800.01,7e-05,False
1741637880780,78800.01,0.0001,False
1741637880780,78800.01,0.0149,False
1741637880789,78800.0,7e-05,True
1741637880789,78800.0,7e-05,True
1741637880789,78800.0,6e-05,True
1741637880856,78800.01,7e-05,False
1741637880856,78800.01,0.00057,False
1741637880856,78800.01,0.1,False
1741637880856,78800.01,0.00847,False
1741637880856,78800.01,0.0001,False
1741637880856,78800.01,0.0001,False
1741637880856,78800.01,0.0001,False
1741637880856,78800.02,0.00014,False
1741637880856,78800.02,7e-05,False
1741637880856,78800.03,0.00053,False
1741637880856,78800.03,7e-05,False
1741637880856,78800.04,0.00013,False
1741637880856,78800.04,7e-05,False
1741637880856,78800.09,7e-05,False
1741637880856,78800.09,7e-05,False
1741637880856,78800.29,7e-05,False
1741637880856,78800.29,0.0001,False
1741637880856,78800.3,7e-05,False
1741637880856,78800.31,7e-05,False
1741637880856,78800.89,7e-05,False
1741637880856,78803.97,7e-05,False
1741637880857,78803.98,0.039,False
1741637880887,78803.98,0.0001,False
1741637880887,78803.98,7e-05,False
1741637880887,78803.98,0.00092,False
1741637880887,78803.98,0.0001,False
1741637880887,78803.98,0.0001,False
1741637880887,78803.99,0.00013,False
1741637880887,78803.99,7e-05,False
1741637880917,78804.0,0.00057,False
1741637880917,78804.0,0.0001,False
1741637880917,78804.0,0.00014,False
1741637880917,78804.0,7e-05,False
1741637880917,78804.01,0.00013,False
1741637880917,78804.01,7e-05,False
1741637880917,78804.02,0.00058,False
1741637880917,78804.02,7e-05,False
1741637880917,78804.07,0.00014,False
1741637880917,78804.07,7e-05,False
1741637880955,78805.39,0.04,True
1741637880984,78805.4,7e-05,False
1741637880984,78805.4,0.00056,False
1741637880984,78805.4,0.0001,False
1741637880984,78805.4,0.0001,False
1741637880984,78805.4,0.0001,False
1741637880984,78805.4,0.00022,False
1741637880984,78805.4,0.00638,False
1741637880984,78805.4,0.00362,False
1741637881144,78805.4,0.00017,False
1741637881153,78805.39,7e-05,True
1741637881153,78805.39,7e-05,True
1741637881153,78805.39,7e-05,True
1741637881153,78805.39,0.00014,True
1741637881153,78805.39,7e-05,True
1741637881153,78805.39,7e-05,True
1741637881153,78805.39,7e-05,True
1741637881153,78805.39,0.0001,True
1741637881153,78805.39,0.0001,True
1741637881153,78805.38,0.00014,True
1741637881153,78805.38,7e-05,True
1741637881153,78805.38,7e-05,True
1741637881153,78805.37,0.00014,True
1741637881153,78805.37,7e-05,True
1741637881153,78805.37,7e-05,True
1741637881153,78805.27,0.00014,True
1741637881153,78805.27,7e-05,True
1741637881153,78805.27,7e-05,True
1741637881153,78804.56,7e-05,True
1741637881153,78804.56,7e-05,True
1741637881153,78804.29,7e-05,True
1741637881153,78804.28,7e-05,True
1741637881153,78804.01,0.0001,True
1741637881153,78804.01,7e-05,True
1741637881153,78804.0,0.00013,True
1741637881153,78803.98,2e-05,True
1741637881153,78803.98,0.00037,True
1741637881153,78802.48,7e-05,True
1741637881153,78802.08,0.00016,True
1741637881153,78802.01,7e-05,True
1741637881274,78802.01,0.00032,False
1741637881523,78802.01,0.00254,False
1741637881670,78802.0,7e-05,True
1741637881670,78802.0,7e-05,True
1741637881670,78802.0,0.00319,True
1741637881709,78802.01,0.0012,False
1741637881782,78802.0,0.0002,True
1741637882315,78802.0,7e-05,True
1741637882315,78802.0,0.00013,True
1741637882315,78802.0,7e-05,True
1741637882315,78802.0,7e-05,True
1741637882315,78802.0,7e-05,True
1741637882315,78802.0,7e-05,True
1741637882315,78802.0,7e-05,True
1741637882315,78802.0,0.0001,True
1741637882315,78802.0,0.0001,True
1741637882315,78802.0,7e-05,True
1741637882315,78801.99,0.0001,True
1741637882315,78801.99,7e-05,True
1741637882315,78801.99,7e-05,True
1741637882315,78801.99,0.00014,True
1741637882315,78801.98,7e-05,True
1741637882315,78801.98,7e-05,True
1741637882315,78801.98,0.00013,True
1741637882315,78801.89,7e-05,True
1741637882315,78801.89,7e-05,True
1741637882315,78801.88,7e-05,True
1741637882315,78801.88,7e-05,True
1741637882315,78801.69,7e-05,True
1741637882315,78801.69,7e-05,True
1741637882315,78801.59,7e-05,True
1741637882315,78801.59,7e-05,True
1741637882315,78801.59,7e-05,True
1741637882315,78801.59,7e-05,True
1741637882315,78801.58,8e-05,True
1741637882315,78801.58,7e-05,True
1741637882315,78800.9,7e-05,True
1741637882315,78800.01,9e-05,True
1741637882315,78799.91,7e-05,True
1741637882315,78799.91,0.0001,True
1741637882461,78799.9,0.1015,True
1741637882461,78799.9,7e-05,True
1741637882461,78799.9,7e-05,True
1741637882461,78799.9,7e-05,True
1741637882461,78799.9,7e-05,True
1741637882461,78799.9,7e-05,True
1741637882461,78799.9,7e-05,True
1741637882461,78799.9,0.0001,True
1741637882461,78799.9,0.0001,True
1741637882461,78799.89,0.0001,True
1741637882461,78799.89,7e-05,True
1741637882461,78799.89,7e-05,True
1741637882461,78799.89,0.00014,True
1741637882461,78799.66,8e-05,True
1741637882461,78799.66,7e-05,True
1741637882461,78799.66,7e-05,True
1741637882461,78799.31,7e-05,True
1741637882461,78799.31,7e-05,True
1741637882461,78799.31,7e-05,True
1741637882461,78798.79,7e-05,True
1741637882461,78798.79,7e-05,True
1741637882461,78798.79,7e-05,True
1741637882461,78798.78,0.00126,True
1741637882461,78798.78,0.00063,True
1741637882461,78798.78,0.005,True
1741637882461,78798.78,7e-05,True
1741637882461,78798.52,7e-05,True
1741637882461,78798.52,7e-05,True
1741637882461,78798.01,7e-05,True
1741637882461,78797.84,0.00016,True
1741637882461,78797.84,7e-05,True
1741637882462,78797.83,0.01175,True
1741637882464,78797.09,8e-05,True
1741637882464,78797.05,0.00013,True
1741637882466,78796.26,0.00023,True
1741637882466,78796.26,0.00033,True
1741637882466,78796.26,7e-05,True
1741637882466,78796.26,7e-05,True
1741637882466,78796.15,7e-05,True
1741637882466,78796.01,7e-05,True
1741637882466,78796.01,0.00028,True
1741637882466,78796.01,0.00028,True
1741637882466,78796.01,0.00028,True
1741637882466,78796.01,7e-05,True
1741637882466,78796.0,7e-05,True
1741637882468,78795.54,0.00013,True
1741637882468,78794.01,7e-05,True
1741637882522,78793.34,7e-05,True
1741637882522,78793.34,0.0001,True
1741637882522,78793.34,0.0001,True
1741637882522,78793.34,7e-05,True
1741637882522,78793.34,7e-05,True
1741637882522,78793.34,0.00013,True
1741637882522,78793.34,7e-05,True
1741637882522,78793.34,7e-05,True
1741637882522,78793.34,7e-05,True
1741637882522,78793.33,0.00033,True
1741637882522,78793.33,7e-05,True
1741637882522,78793.33,7e-05,True
1741637882522,78793.32,0.00013,True
1741637882522,78793.32,6e-05,True
1741637882522,78793.32,1e-05,True
1741637882522,78793.21,0.00014,True
1741637882522,78793.16,0.0001,True
1741637882522,78793.16,7e-05,True
1741637882522,78793.16,7e-05,True
1741637882522,78792.98,7e-05,True
1741637882522,78792.98,7e-05,True
1741637882522,78792.68,7e-05,True
1741637882522,78792.68,0.00013,True
1741637882522,78792.68,0.00016,True
1741637882522,78792.68,0.00016,True
1741637882522,78792.68,0.00016,True
1741637882522,78792.46,7e-05,True
1741637882522,78792.46,7e-05,True
1741637882573,78792.45,0.00022,True
1741637882611,78792.45,0.00223,True
1741637882667,78792.46,0.00381,False
1741637882704,78792.46,0.00011,False
1741637882755,78792.45,0.04179,True
1741637882755,78792.45,7e-05,True
1741637882755,78792.45,7e-05,True
1741637882755,78792.45,7e-05,True
1741637882755,78792.45,7e-05,True
1741637882755,78792.45,0.00013,True
1741637882755,78792.45,7e-05,True
1741637882755,78792.45,7e-05,True
1741637882755,78792.44,0.00014,True
1741637882755,78792.44,7e-05,True
1741637882755,78792.44,7e-05,True
1741637882755,78792.43,0.00013,True
1741637882755,78792.43,7e-05,True
1741637882755,78792.43,7e-05,True
1741637882755,78792.32,0.00014,True
1741637882755,78792.32,7e-05,True
1741637882755,78792.32,7e-05,True
1741637882755,78792.19,7e-05,True
1741637882755,78792.19,7e-05,True
1741637882755,78792.19,7e-05,True
1741637882755,78792.13,7e-05,True
1741637882755,78790.95,7e-05,True
1741637882755,78790.59,8e-05,True
1741637882755,78790.59,7e-05,True
1741637882755,78790.39,0.0001,True
1741637882755,78790.01,0.00014,True
1741637882755,78790.01,0.00014,True
1741637882755,78790.01,0.00014,True
1741637882755,78789.96,7e-05,True
1741637882755,78789.95,0.003,True
1741637882755,78789.91,0.00031,True
1741637882755,78789.81,7e-05,True
1741637882755,78788.95,0.00013,True
1741637882755,78788.01,7e-05,True
1741637882755,78788.01,8e-05,True
1741637882755,78788.0,0.01602,True
1741637882803,78786.5,0.00013,True
1741637882803,78786.5,7e-05,True
1741637883084,78786.51,0.00302,False
1741637883084,78786.51,0.00014,False
1741637883084,78786.51,0.00014,False
1741637883084,78786.51,7e-05,False
1741637883084,78786.51,0.01588,False
1741637883084,78786.51,0.0001,False
1741637883084,78786.51,0.0001,False
1741637883084,78786.51,0.0001,False
1741637883084,78786.51,0.00194,False
1741637883084,78786.52,0.00057,False
1741637883084,78786.52,7e-05,False
1741637883084,78786.52,0.00014,False
1741637883084,78786.57,0.00014,False
1741637883084,78788.0,7e-05,False
1741637883084,78788.01,0.00153,False
1741637883084,78788.01,0.00024,False
1741637883084,78788.19,0.00016,False
1741637883084,78788.19,0.00045,False
1741637883084,78790.59,7e-05,False
1741637883084,78791.78,7e-05,False
1741637883205,78791.79,0.00013,False
1741637883205,78791.79,0.00053,False
1741637883205,78791.79,0.0001,False
1741637883205,78791.79,0.0001,False
1741637883205,78791.79,0.0001,False
1741637883205,78791.8,0.00058,False
1741637883205,78791.8,0.00014,False
1741637883205,78791.8,0.00014,False
1741637883205,78791.86,0.00013,False
1741637883205,78791.93,9e-05,False
1741637883205,78791.94,7e-05,False
1741637883205,78791.99,7e-05,False
1741637883205,78792.0,9e-05,False
1741637883205,78792.0,9e-05,False
1741637883205,78792.18,7e-05,False
1741637883205,78792.46,0.00106,False
1741637883205,78793.35,8e-05,False
1741637883205,78793.35,0.00084,False
1741637883205,78794.55,7e-05,False
1741637883263,78796.0,0.00017,False
1741637883263,78796.0,0.00013,False
1741637883297,78796.0,0.00045,False
1741637883297,78796.0,0.0001,False
1741637883297,78796.0,0.0001,False
1741637883297,78796.0,0.0001,False
1741637883297,78796.0,0.0001,False
1741637883297,78796.01,0.00012,False
1741637883297,78796.01,0.00057,False
1741637883297,78796.14,7e-05,False
1741637883297,78796.25,0.00022,False
1741637883297,78796.25,0.00022,False
1741637883297,78796.25,0.00022,False
1741637883297,78796.33,0.00013,False
1741637883297,78798.82,7e-05,False
1741637883297,78798.83,0.04768,False
1741637883297,78798.89,7e-05,False
1741637883314,78799.98,0.0002,False
1741637883314,78799.98,0.00056,False
1741637883314,78799.98,0.0001,False
1741637883314,78799.98,0.0001,False
1741637883314,78799.98,0.0001,False
1741637883314,78799.98,0.00013,False
1741637883314,78799.98,7e-05,False
1741637883314,78799.98,0.00014,False
1741637883314,78799.99,0.00018,False
1741637883314,78799.99,0.00018,False
1741637883314,78799.99,0.00056,False
1741637883314,78800.26,0.00013,False
1741637883314,78801.44,0.001,False
1741637883314,78801.69,0.00013,False
1741637883548,78801.86,0.00381,True
1741637883608,78801.87,7e-05,False
1741637883608,78801.87,0.0001,False
1741637883608,78801.87,0.0001,False
1741637883608,78801.87,0.0001,False
1741637883608,78801.87,0.00051,False
1741637883608,78801.87,0.00025,False
1741637883608,78801.87,0.00014,False
1741637883608,78801.88,0.00058,False
1741637883608,78801.88,0.0001,False
1741637883608,78801.88,0.00014,False
1741637883608,78801.88,0.00013,False
1741637883608,78801.99,0.0001,False
1741637883608,78801.99,0.00028,False
1741637883608,78802.02,7e-05,False
1741637883608,78802.02,9e-05,False
1741637883608,78802.02,0.0001,False
1741637883618,78802.03,0.0253,False
1741637883618,78802.03,0.06835,False
1741637883618,78802.03,0.0098,False
1741637883618,78802.03,0.0001,False
1741637883618,78802.04,0.00051,False
1741637883620,78802.03,0.00412,True
1741637883631,78802.47,0.0001,False
1741637883649,78802.47,0.00058,False
1741637883649,78802.47,0.0001,False
1741637883649,78802.48,0.00056,False
1741637883649,78803.26,7e-05,False
1741637883649,78805.66,0.00019,False
1741637883649,78805.67,0.00019,False
1741637883649,78805.67,0.00019,False
1741637883649,78805.67,0.00019,False
1741637883649,78806.34,0.00013,False
1741637883649,78807.71,0.00013,False
1741637883649,78807.89,7e-05,False
1741637883649,78807.9,0.00505,False
1741637883649,78807.94,7e-05,False
1741637883649,78807.95,0.00503,False
1741637883649,78808.97,7e-05,False
1741637883649,78808.98,0.00503,False
1741637883649,78809.35,7e-05,False
1741637883649,78809.36,0.00818,False
1741637883649,78809.75,0.00013,False
1741637883649,78809.99,7e-05,False
1741637883649,78810.0,0.0223,False
1741637883649,78810.24,7e-05,False
1741637883649,78810.99,0.00013,False
1741637883649,78811.46,0.00014,False
1741637883649,78811.82,0.00723,False
1741637883693,78811.81,0.00253,True
1741637883799,78811.81,0.0002,True
1741637884201,78811.81,0.00122,True
1741637884208,78811.81,0.00038,True
1741637884228,78811.81,0.00064,True
1741637884392,78811.82,0.00123,False
1741637884392,78811.82,0.00013,False
1741637884392,78811.82,0.00077,False
1741637884392,78811.82,7e-05,False
1741637884392,78811.82,7e-05,False
1741637884392,78811.82,0.0305,False
1741637884392,78811.82,0.00247,False
1741637884392,78811.82,0.0268,False
1741637884392,78811.82,0.0285,False
1741637884601,78811.82,0.00026,False
1741637884666,78811.82,0.01058,False
1741637884893,78811.81,7e-05,True
1741637884893,78811.81,0.00013,True
1741637884893,78811.81,7e-05,True
1741637884893,78811.81,7e-05,True
1741637884893,78811.81,7e-05,True
1741637884893,78811.81,7e-05,True
1741637884893,78811.81,7e-05,True
1741637884893,78811.81,0.0001,True
1741637884893,78811.81,0.0001,True
1741637884893,78811.81,0.0001,True
1741637884893,78811.8,0.00014,True
1741637884893,78811.8,0.00013,True
1741637884893,78811.8,7e-05,True
1741637884893,78811.8,7e-05,True
1741637884893,78811.8,0.00014,True
1741637884893,78811.79,7e-05,True
1741637884893,78811.79,7e-05,True
1741637884893,78811.71,7e-05,True
1741637884893,78811.71,7e-05,True
1741637884893,78811.69,7e-05,True
1741637884893,78811.69,7e-05,True
1741637884893,78811.68,7e-05,True
1741637884893,78811.67,7e-05,True
1741637884893,78811.29,7e-05,True
1741637884893,78811.19,7e-05,True
1741637884893,78810.01,7e-05,True
1741637884893,78809.6,7e-05,True
1741637884893,78808.01,7e-05,True
1741637885296,78806.01,7e-05,True
1741637885296,78806.01,7e-05,True
1741637885296,78806.01,6e-05,True
1741637885487,78806.01,1e-05,True
1741637885487,78806.01,7e-05,True
1741637885487,78806.01,7e-05,True
1741637885487,78806.01,0.00014,True
1741637885487,78806.01,7e-05,True
1741637885487,78806.01,0.00013,True
1741637885487,78806.01,0.0001,True
1741637885487,78806.01,7e-05,True
1741637885487,78806.01,7e-05,True
1741637885487,78806.01,0.0001,True
1741637885487,78806.01,0.00052,True
1741637885487,78806.01,0.0001,True
1741637885487,78806.01,0.0001,True
1741637885603,78806.01,0.0001,True
1741637885603,78806.01,7e-05,True
1741637885603,78806.01,7e-05,True
1741637885603,78806.01,7e-05,True
1741637885603,78806.01,7e-05,True
1741637885603,78806.01,7e-05,True
1741637885603,78806.01,7e-05,True
1741637885603,78806.01,0.0001,True
1741637885603,78806.01,0.0001,True
1741637885603,78806.01,0.0001,True
1741637885603,78806.01,0.00013,True
1741637885603,78806.0,7e-05,True
1741637885603,78806.0,7e-05,True
1741637885603,78806.0,0.00014,True
1741637885603,78806.0,0.00014,True
1741637885603,78805.99,0.00014,True
1741637885603,78805.99,7e-05,True
1741637885603,78805.99,7e-05,True
1741637885603,78805.65,7e-05,True
1741637885603,78805.65,7e-05,True
1741637885603,78805.65,7e-05,True
1741637885603,78805.25,7e-05,True
1741637885603,78805.25,7e-05,True
1741637885603,78805.24,7e-05,True
1741637885603,78804.85,7e-05,True
1741637885603,78804.85,7e-05,True
1741637885603,78804.15,7e-05,True
1741637885603,78803.93,7e-05,True
1741637885603,78803.92,0.003,True
1741637885603,78802.48,7e-05,True
1741637885603,78802.03,0.00018,True
1741637885603,78802.03,0.00018,True
1741637885603,78802.03,0.00018,True
1741637885603,78802.02,0.001,True
1741637885603,78802.01,0.00011,True
1741637885603,78802.01,7e-05,True
1741637885797,78802.0,0.0001,True
1741637885797,78802.0,7e-05,True
1741637885797,78802.0,3e-05,True
1741637885955,78802.0,4e-05,True
1741637885955,78802.0,7e-05,True
1741637885955,78802.0,7e-05,True
1741637885955,78802.0,7e-05,True
1741637885955,78802.0,0.00101,True
1741637885955,78802.0,0.0305,True
1741637885955,78802.0,0.00824,True
1741637885960,78802.0,0.00746,True
1741637886044,78802.01,0.00072,False
1741637886044,78802.01,7e-05,False
1741637886044,78802.01,0.00301,False
1741637886044,78802.01,0.00014,False
1741637886044,78802.01,0.0001,False
1741637886044,78802.01,0.0001,False
1741637886044,78802.01,0.0001,False
1741637886044,78802.01,0.00056,False
1741637886044,78802.02,7e-05,False
1741637886044,78802.02,0.00014,False
1741637886044,78802.02,0.00014,False
1741637886044,78802.03,7e-05,False
1741637886044,78802.03,0.00058,False
1741637886044,78802.04,7e-05,False
1741637886044,78802.47,7e-05,False
1741637886044,78802.47,7e-05,False
1741637886044,78802.48,7e-05,False
1741637886044,78802.49,7e-05,False
1741637886044,78803.0,7e-05,False
1741637886044,78804.79,7e-05,False
1741637886044,78804.8,0.004,False
1741637886044,78805.0,0.00014,False
1741637886044,78805.0,0.00014,False
1741637886044,78805.0,0.00014,False
1741637886044,78805.64,7e-05,False
1741637886044,78805.99,7e-05,False
1741637886047,78807.4,0.001,True
1741637886101,78807.41,0.0001,False
1741637886101,78807.41,0.00012,False
1741637886101,78807.41,7e-05,False
1741637886101,78807.41,0.00057,False
1741637886101,78807.41,0.00012,False
1741637886101,78807.41,0.00012,False
1741637886101,78807.41,0.00061,False
1741637886101,78807.41,0.0001,False
1741637886101,78807.41,0.0001,False
1741637886101,78807.41,0.0001,False
1741637886101,78807.42,7e-05,False
1741637886101,78807.43,0.00054,False
1741637886101,78807.43,7e-05,False
1741637886101,78807.44,9e-05,False
1741637886101,78807.44,7e-05,False
1741637886101,78808.0,7e-05,False
1741637886101,78808.01,7e-05,False
1741637886101,78808.01,7e-05,False
1741637886101,78809.08,7e-05,False
1741637886101,78809.09,0.00036,False
1741637886101,78809.09,7e-05,False
1741637886101,78809.09,0.00511,False
1741637886101,78809.59,7e-05,False
1741637886101,78809.59,7e-05,False
1741637886101,78809.99,7e-05,False
1741637886512,78810.0,0.00195,False
1741637886512,78810.0,7e-05,False
1741637886512,78810.0,0.00039,False
1741637886512,78810.0,0.00014,False
1741637886512,78810.0,0.00341,False
1741637886512,78810.0,0.00445,False
1741637886512,78810.0,0.0001,False
1741637886512,78810.0,0.0001,False
1741637886512,78810.0,0.0001,False
1741637886512,78810.01,0.00012,False
1741637886512,78810.01,7e-05,False
1741637886512,78810.01,0.00014,False
1741637886512,78810.01,0.00013,False
1741637886512,78810.01,0.00013,False
1741637886512,78810.02,0.00055,False
1741637886512,78810.02,7e-05,False
1741637886512,78810.09,7e-05,False
1741637886512,78810.09,0.00014,False
1741637886512,78810.09,0.00014,False
1741637886512,78810.09,0.00014,False
1741637886512,78810.1,7e-05,False
1741637886512,78810.39,7e-05,False
1741637886512,78810.39,7e-05,False
1741637886512,78810.52,7e-05,False
1741637886512,78810.53,7e-05,False
1741637886512,78810.99,0.00013,False
1741637886512,78810.99,0.00013,False
1741637886512,78811.18,7e-05,False
1741637886512,78811.51,0.001,False
1741637886512,78811.8,7e-05,False
1741637886512,78811.81,7e-05,False
1741637886512,78811.81,7e-05,False
1741637886799,78811.81,0.0002,True
1741637887300,78811.81,0.0001,True
1741637887300,78811.81,7e-05,True
1741637887300,78811.81,3e-05,True
1741637887677,78811.81,4e-05,True
1741637887677,78811.81,7e-05,True
1741637887677,78811.81,7e-05,True
1741637887677,78811.81,7e-05,True
1741637887677,78811.81,7e-05,True
1741637887677,78811.81,7e-05,True
1741637887677,78811.81,7e-05,True
1741637887677,78811.81,7e-05,True
1741637887677,78811.81,6e-05,True
1741637887827,78811.82,0.00012,False
1741637888122,78811.82,0.00124,False
1741637888227,78811.82,0.00017,False
1741637888264,78811.82,0.00125,False
1741637888310,78811.82,0.00098,False
1741637888310,78811.82,3e-05,False
1741637888606,78811.82,0.00014,False
1741637888606,78811.82,7e-05,False
1741637888606,78811.82,0.00051,False
1741637888606,78811.82,0.0001,False
1741637888606,78811.82,0.0001,False
1741637888606,78811.82,0.00016,False
1741637889180,78811.82,0.0001,False
1741637889180,78811.82,7e-05,False
1741637889180,78811.82,0.00025,False
1741637889180,78811.82,0.0001,False
1741637889180,78811.82,0.00014,False
1741637889180,78811.82,0.00046,False
1741637889180,78811.82,0.0001,False
1741637889180,78811.82,0.00058,False
1741637889180,78811.82,0.0001,False
1741637889180,78811.83,0.00013,False
1741637889180,78811.83,7e-05,False
1741637889180,78811.83,0.00014,False
1741637889180,78811.83,0.00014,False
1741637889180,78811.83,0.00054,False
1741637889180,78811.84,0.0001,False
1741637889180,78811.84,7e-05,False
1741637889180,78811.96,9e-05,False
1741637889180,78811.96,7e-05,False
1741637889180,78811.97,7e-05,False
1741637889180,78811.97,7e-05,False
1741637889180,78811.98,7e-05,False
1741637889180,78811.98,9e-05,False
1741637889180,78811.98,9e-05,False
1741637889180,78811.99,0.00093,False
1741637889180,78811.99,5e-05,False
1741637889182,78811.99,2e-05,False
1741637889216,78812.0,0.00053,False
1741637889216,78812.0,7e-05,False
1741637889216,78812.01,0.00056,False
1741637889216,78812.01,7e-05,False
1741637889216,78812.01,0.00014,False
1741637889216,78812.76,7e-05,False
1741637889216,78812.76,7e-05,False
1741637889216,78813.6,0.00086,False
1741637889216,78813.6,7e-05,False
1741637889216,78813.97,9e-05,False
1741637889216,78813.97,7e-05,False
1741637889216,78813.99,7e-05,False
1741637889216,78813.99,7e-05,False
1741637889216,78814.01,0.00012,False
1741637889216,78814.01,7e-05,False
1741637889216,78814.19,7e-05,False
1741637889216,78814.19,7e-05,False
1741637889216,78814.2,0.004,False
1741637889216,78814.34,7e-05,False
1741637889216,78815.62,0.00018,False
1741637889216,78815.62,0.00018,False
1741637889216,78815.62,0.00018,False
1741637889216,78815.63,0.00101,False
1741637889216,78815.99,7e-05,False
1741637889216,78816.14,0.00013,False
1741637889216,78816.23,0.00015,False
1741637889216,78816.56,0.00071,False
1741637889216,78816.85,9e-05,False
1741637889216,78817.73,0.00013,False
1741637889216,78817.82,7e-05,False
1741637889216,78818.0,0.00071,False
1741637889216,78818.85,0.0002,False
1741637889216,78819.16,0.00031,False
1741637889216,78819.35,8e-05,False
1741637889216,78819.69,9e-05,False
1741637889216,78819.84,0.00013,False
1741637889216,78819.99,7e-05,False
1741637889220,78820.0,7e-05,False
1741637889284,78820.0,0.00012,False
1741637889288,78819.99,0.04529,True
1741637889293,78820.0,0.00019,False
1741637889306,78820.0,0.00013,False
1741637889340,78820.0,0.01321,False
1741637889363,78820.0,0.01983,False
1741637889400,78820.0,0.04048,False
1741637889402,78820.0,0.0066,False
1741637889402,78820.0,0.02087,False
1741637889402,78820.0,0.00017,False
1741637889402,78820.0,0.0001,False
1741637889402,78820.0,7e-05,False
1741637889402,78820.0,0.00013,False
1741637889402,78820.0,0.0001,False
1741637889402,78820.0,0.0001,False
1741637889402,78820.0,0.0001,False
1741637889402,78820.0,0.0001,False
1741637889402,78820.0,7e-05,False
1741637889402,78820.01,0.0004,False
1741637889402,78820.01,0.00057,False
1741637889402,78820.01,7e-05,False
1741637889402,78820.01,0.00013,False
1741637889402,78820.01,0.00013,False
1741637889402,78820.01,0.00014,False
1741637889402,78820.28,7e-05,False
1741637889402,78820.29,7e-05,False
1741637889402,78820.68,7e-05,False
1741637889402,78820.68,7e-05,False
1741637889402,78820.71,0.00084,False
1741637889402,78820.71,7e-05,False
1741637889402,78821.2,7e-05,False
1741637889402,78821.31,7e-05,False
1741637889402,78821.47,7e-05,False
1741637889402,78822.98,7e-05,False
1741637889402,78822.99,0.00037,False
1741637889402,78822.99,0.00037,False
1741637889402,78822.99,0.00156,False
1741637889402,78822.99,0.00037,False
1741637889402,78822.99,0.00053,False
1741637889402,78823.99,7e-05,False
1741637889421,78824.0,0.003,False
1741637889421,78824.0,0.0001,False
1741637889421,78824.0,0.0001,False
1741637889421,78824.0,0.0001,False
1741637889421,78824.0,0.00052,False
1741637889421,78824.0,7e-05,False
1741637889421,78824.01,0.00053,False
1741637889421,78824.01,0.0002,False
1741637889421,78824.01,7e-05,False
1741637889421,78825.12,0.00114,False
1741637889421,78825.12,7e-05,False
1741637889421,78825.21,0.00101,False
1741637889421,78825.21,7e-05,False
1741637889421,78825.35,7e-05,False
1741637889421,78825.35,7e-05,False
1741637889421,78825.35,9e-05,False
1741637889476,78825.36,7e-05,False
1741637889476,78825.36,0.00265,False
1741637889476,78825.36,0.00051,False
1741637889476,78825.36,0.0001,False
1741637889478,78825.37,7e-05,False
1741637889478,78825.37,0.00052,False
1741637889478,78825.37,7e-05,False
1741637889478,78825.76,7e-05,False
1741637889490,78825.76,0.00273,True
1741637889543,78825.76,0.00854,True
1741637890132,78825.76,0.0001,True
1741637890132,78825.76,7e-05,True
1741637890132,78825.76,7e-05,True
1741637890132,78825.76,7e-05,True
1741637890132,78825.76,7e-05,True
1741637890132,78825.76,7e-05,True
1741637890132,78825.76,0.0001,True
1741637890132,78825.76,0.0001,True
1741637890132,78825.76,7e-05,True
1741637890132,78825.76,7e-05,True
1741637890132,78825.76,7e-05,True
1741637890132,78825.76,0.0001,True
1741637890132,78825.76,7e-05,True
1741637890132,78825.76,7e-05,True
1741637890132,78825.76,7e-05,True
1741637890132,78825.76,7e-05,True
1741637890132,78825.76,0.00014,True
1741637890132,78825.76,7e-05,True
1741637890132,78825.76,7e-05,True
1741637890132,78825.76,7e-05,True
1741637890132,78825.76,0.0005,True
1741637890132,78825.76,0.0001,True
1741637890132,78825.76,0.0001,True
1741637890132,78825.76,7e-05,True
1741637890132,78825.76,7e-05,True
1741637890132,78825.76,0.0001,True
1741637890132,78825.76,0.0001,True
1741637890132,78825.76,0.0001,True
1741637890132,78825.76,0.0001,True
1741637890132,78825.76,0.0001,True
1741637890132,78825.76,0.0001,True
1741637890132,78825.75,0.00014,True
1741637890132,78825.75,7e-05,True
1741637890132,78825.75,0.00013,True
1741637890132,78825.75,0.00014,True
1741637890132,78825.75,7e-05,True
1741637890132,78825.56,7e-05,True
1741637890132,78825.56,7e-05,True
1741637890132,78825.55,7e-05,True
1741637890132,78825.44,7e-05,True
1741637890132,78824.01,8e-05,True
1741637890132,78824.0,7e-05,True
1741637890132,78823.99,0.00304,True
1741637890132,78823.85,7e-05,True
1741637890132,78822.01,9e-05,True
1741637890132,78821.4,0.0001,True
1741637890132,78820.01,7e-05,True
1741637890132,78820.01,0.00011,True
1741637890204,78820.01,0.00133,False
1741637890273,78820.0,7e-05,True
1741637890273,78820.0,7e-05,True
1741637890273,78820.0,7e-05,True
1741637890273,78820.0,7e-05,True
1741637890273,78820.0,0.00014,True
1741637890273,78820.0,0.00014,True
1741637890273,78820.0,0.00014,True
1741637890273,78820.0,0.00014,True
1741637890273,78820.0,0.0001,True
1741637890273,78820.0,0.0001,True
1741637890273,78820.0,0.0001,True
1741637890273,78820.0,7e-05,True
1741637890273,78819.99,0.00026,True
1741637890273,78819.99,7e-05,True
1741637890273,78819.99,0.00014,True
1741637890273,78819.99,0.00014,True
1741637890273,78819.99,0.00014,True
1741637890273,78819.9,7e-05,True
1741637890273,78818.88,7e-05,True
1741637890273,78818.87,7e-05,True
1741637890273,78816.73,7e-05,True
1741637890273,78815.65,0.00013,True
1741637890273,78814.49,0.001,True
1741637890273,78814.12,0.00013,True
1741637890273,78812.72,7e-05,True
1741637890273,78812.71,0.00724,True
1741637890273,78812.01,7e-05,True
1741637890307,78812.0,0.0002,True
1741637890528,78812.01,0.00115,False
1741637890528,78812.01,0.00075,False
1741637890704,78812.01,0.07515,False
1741637890704,78812.01,0.3576,False
1741637890960,78812.0,0.0221,True
1741637890960,78812.0,0.0038,True
1741637890960,78812.0,7e-05,True
1741637890960,78812.0,7e-05,True
1741637890960,78812.0,7e-05,True
1741637890960,78812.0,0.0004,True
1741637890960,78812.0,0.0004,True
1741637890960,78812.0,0.0004,True
1741637890960,78812.0,0.0004,True
1741637890960,78812.0,7e-05,True
1741637890960,78812.0,7e-05,True
1741637890960,78812.0,0.00014,True
1741637890960,78812.0,0.01201,True
1741637891118,78812.01,0.00152,False
