timestamp,price,volume,is_ask
1741431805703,86055.01,0.04503,False
1741431805784,86055.0,0.00112,True
1741431806385,86055.01,8e-05,False
1741431806588,86055.0,0.00025,True
1741431806756,86055.0,0.00012,True
1741431807194,86055.0,0.00069,True
1741431807528,86055.0,0.08777,True
1741431807574,86055.0,0.00015,True
1741431808105,86055.0,0.41627,True
1741431808105,86055.0,0.00509,True
1741431808105,86055.0,6e-05,True
1741431808105,86055.0,0.00013,True
1741431808105,86055.0,0.00016,True
1741431808105,86055.0,0.00581,True
1741431808105,86055.0,0.11,True
1741431808105,86055.0,0.01401,True
1741431808105,86055.0,0.05635,True
1741431808105,86055.0,0.04365,True
1741431808105,86055.0,0.00303,True
1741431808105,86055.0,0.03918,True
1741431808105,86055.0,0.01995,True
1741431808105,86055.0,0.00016,True
1741431808105,86055.0,0.00016,True
1741431808105,86055.0,0.0002,True
1741431808105,86055.0,0.00016,True
1741431808105,86055.0,0.00222,True
1741431808105,86055.0,0.00015,True
1741431808105,86055.0,0.00047,True
1741431808105,86055.0,0.00046,True
1741431808105,86054.99,6e-05,True
1741431808105,86054.99,0.00121,True
1741431808105,86054.99,6e-05,True
1741431808105,86054.99,6e-05,True
1741431808105,86054.98,0.12569,True
1741431808201,86054.99,0.00092,False
1741431808648,86054.98,6e-05,True
1741431808648,86054.98,0.00014,True
1741431808648,86054.98,0.00015,True
1741431808648,86054.97,6e-05,True
1741431808648,86054.96,6e-05,True
1741431808648,86054.95,6e-05,True
1741431808648,86054.94,6e-05,True
1741431808648,86054.93,0.00014,True
1741431808648,86054.93,6e-05,True
1741431808648,86054.92,6e-05,True
1741431808648,86054.91,0.00105,True
1741431808648,86054.91,6e-05,True
1741431808648,86054.87,0.00014,True
1741431808648,86054.82,0.00012,True
1741431809284,86054.82,6e-05,True
1741431809284,86054.82,6e-05,True
1741431809284,86054.82,0.00014,True
1741431809284,86054.77,0.00013,True
1741431809284,86054.77,6e-05,True
1741431809284,86054.71,0.00013,True
1741431809284,86054.71,6e-05,True
1741431809284,86054.66,0.00013,True
1741431809284,86054.66,6e-05,True
1741431809284,86054.3,7e-05,True
1741431809284,86054.3,0.00102,True
1741431809284,86054.3,6e-05,True
1741431809284,86054.29,0.002,True
1741431809284,86054.29,6e-05,True
1741431809284,86054.02,0.00141,True
1741431809284,86054.02,6e-05,True
1741431809284,86053.01,0.00014,True
1741431809284,86053.01,6e-05,True
1741431809284,86052.55,0.00095,True
1741431809450,86052.55,0.0002,True
1741431809995,86052.56,0.00048,False
1741431810256,86052.56,0.00019,False
1741431811172,86052.55,8e-05,True
1741431811172,86052.55,2e-05,True
1741431811332,86052.55,4e-05,True
1741431811332,86052.55,0.00013,True
1741431811332,86052.55,0.00012,True
1741431811332,86052.55,0.06901,True
1741431811912,86052.56,0.00013,False
1741431812329,86052.55,0.00064,True
1741431812545,86052.56,0.00018,False
1741431812565,86052.55,0.00064,True
1741431812920,86052.56,0.00021,False
1741431813299,86052.55,0.0012,True
1741431813301,86052.55,0.0043,True
1741431813388,86052.56,0.00116,False
1741431813417,86052.55,0.002,True
1741431813487,86052.55,0.0077,True
1741431813495,86052.55,0.0407,True
1741431813550,86052.55,6e-05,True
1741431813550,86052.55,0.00014,True
1741431813550,86052.55,0.002,True
1741431813791,86052.55,0.0003,True
1741431814115,86052.56,0.00122,False
1741431814614,86052.55,0.0334,True
1741431814716,86052.56,0.00077,False
1741431814853,86052.55,0.0743,True
1741431814853,86052.55,6e-05,True
1741431814853,86052.55,0.00014,True
1741431814853,86052.55,7e-05,True
1741431814853,86052.54,6e-05,True
1741431814853,86052.5,6e-05,True
1741431814853,86052.49,0.00014,True
1741431814853,86052.49,6e-05,True
1741431814853,86052.45,6e-05,True
1741431814853,86052.44,6e-05,True
1741431814853,86052.44,0.00013,True
1741431814853,86052.4,6e-05,True
1741431814853,86052.39,6e-05,True
1741431814853,86052.39,0.00115,True
1741431814853,86052.39,0.00014,True
1741431814853,86052.02,0.00015,True
1741431814853,86052.02,0.00015,True
1741431814853,86052.02,0.00015,True
1741431814853,86052.0,0.0001,True
1741431814853,86052.0,0.002,True
1741431814853,86052.0,0.0001,True
1741431814853,86052.0,0.00015,True
1741431814853,86050.83,8e-05,True
1741431814853,86050.5,0.00011,True
1741431814853,86050.5,0.00059,True
1741431814853,86050.1,8e-05,True
1741431814853,86050.02,0.0003,True
1741431814853,86050.01,0.00018,True
1741431814853,86050.01,0.00016,True
1741431814853,86050.01,0.00016,True
1741431814853,86050.0,0.00023,True
1741431814853,86050.0,0.00581,True
1741431814853,86049.46,0.00012,True
1741431814853,86049.16,9e-05,True
1741431814853,86049.16,0.0009,True
1741431814853,86048.75,8e-05,True
1741431814853,86048.74,7e-05,True
1741431814853,86048.49,0.0014,True
1741431814853,86048.06,0.0001,True
1741431814853,86048.0,0.0001,True
1741431814853,86048.0,0.002,True
1741431814853,86048.0,0.0001,True
1741431814853,86048.0,0.00015,True
1741431814853,86047.35,6e-05,True
1741431814853,86046.96,0.00011,True
1741431814853,86046.81,7e-05,True
1741431814853,86046.74,0.01162,True
1741431814853,86046.51,0.00051,True
1741431814853,86046.35,0.01489,True
1741431814853,86046.31,0.003,True
1741431814853,86046.1,0.01009,True
1741431814853,86045.24,0.00012,True
1741431814853,86044.5,0.00561,True
1741431814853,86044.29,0.01874,True
1741431814853,86044.0,0.0001,True
1741431814853,86044.0,0.002,True
1741431814853,86044.0,0.0001,True
1741431814853,86044.0,0.00015,True
1741431814853,86043.87,0.00012,True
1741431814853,86043.81,0.02315,True
1741431814853,86043.79,0.00012,True
1741431814853,86043.78,0.00729,True
1741431814853,86043.63,0.01373,True
1741431814853,86043.39,0.02576,True
1741431814853,86043.26,0.00728,True
1741431814853,86043.24,0.024,True
1741431814853,86043.14,0.02464,True
1741431814853,86042.93,6e-05,True
1741431814853,86042.86,0.11369,True
1741431814853,86042.86,0.01553,True
1741431814853,86042.86,0.08504,True
1741431814857,86042.71,7e-05,True
1741431814907,86042.71,0.00077,True
1741431814907,86042.71,6e-05,True
1741431814907,86042.71,6e-05,True
1741431814907,86042.71,6e-05,True
1741431814907,86042.71,6e-05,True
1741431814907,86042.71,6e-05,True
1741431814907,86042.7,0.00049,True
1741431814907,86042.7,4e-05,True
1741431814914,86042.7,2e-05,True
1741431814914,86042.7,6e-05,True
1741431814914,86042.7,6e-05,True
1741431814914,86042.7,6e-05,True
1741431814914,86042.7,6e-05,True
1741431814914,86042.25,0.00061,True
1741431814914,86042.25,0.0003,True
1741431814914,86042.25,0.00048,True
1741431814914,86042.25,0.00048,True
1741431814914,86042.25,0.00048,True
1741431814914,86042.25,0.00048,True
1741431814914,86042.25,6e-05,True
1741431814914,86042.24,0.00465,True
1741431814977,86042.24,0.001,True
1741431814983,86042.24,0.0002,True
1741431814985,86042.24,0.001,True
1741431814999,86042.24,0.001,True
1741431815034,86042.24,0.00699,True
1741431815034,86042.24,6e-05,True
1741431815034,86042.24,6e-05,True
1741431815034,86042.24,0.00014,True
1741431815034,86042.24,6e-05,True
1741431815034,86042.24,6e-05,True
1741431815034,86042.18,0.00013,True
1741431815034,86042.18,6e-05,True
1741431815034,86041.85,0.01577,True
1741431815036,86041.85,0.00204,True
1741431815036,86041.85,6e-05,True
1741431815036,86041.85,6e-05,True
1741431815036,86041.85,6e-05,True
1741431815602,86041.68,0.00174,True
1741431815670,86041.69,0.00058,False
1741431815703,86041.69,0.00178,False
1741431815703,86041.69,0.05314,False
1741431815753,86041.68,0.0001,True
1741431815771,86041.68,0.00053,True
1741431815861,86041.68,0.00014,True
1741431815861,86041.68,1e-05,True
1741431815870,86041.68,5e-05,True
1741431815870,86041.62,0.0001,True
1741431815873,86041.62,4e-05,True
1741431815873,86041.62,6e-05,True
1741431815873,86041.61,5e-05,True
1741431815884,86041.58,0.0001,True
1741431815884,86041.58,5e-05,True
1741431815897,86041.58,1e-05,True
1741431815897,86041.57,0.00014,True
1741431815898,86041.57,6e-05,True
1741431815898,86041.57,9e-05,True
1741431815899,86041.57,0.00015,True
1741431815899,86041.57,0.00015,True
1741431815956,86041.57,0.00124,True
1741431815956,86041.57,6e-05,True
1741431815956,86041.57,0.00013,True
1741431815956,86041.52,0.00014,True
1741431815956,86041.52,6e-05,True
1741431815956,86041.51,0.00013,True
1741431815956,86041.51,6e-05,True
1741431815958,86041.37,0.002,True
1741431815958,86041.37,6e-05,True
1741431815958,86041.12,6e-05,True
1741431815958,86041.12,6e-05,True
1741431815958,86041.12,6e-05,True
1741431815958,86041.12,6e-05,True
1741431815958,86041.11,6e-05,True
1741431815972,86041.08,0.00662,True
1741431815972,86041.08,6e-05,True
1741431815972,86041.08,0.003,True
1741431815972,86041.05,0.0014,True
1741431815972,86041.05,6e-05,True
1741431815972,86040.94,0.00687,True
1741431815972,86040.94,6e-05,True
1741431815972,86040.75,0.00218,True
1741431815972,86040.75,0.0002,True
1741431815973,86040.75,0.00611,True
1741431815973,86040.75,0.00162,True
1741431815973,86040.75,6e-05,True
1741431815973,86040.41,0.00846,True
1741431815973,86040.41,6e-05,True
1741431815973,86040.28,0.01099,True
1741431815973,86040.28,1e-05,True
1741431815974,86040.28,5e-05,True
1741431815974,86040.01,0.00023,True
1741431815974,86040.01,6e-05,True
1741431815974,86040.0,0.0001,True
1741431815974,86040.0,0.002,True
1741431815974,86040.0,0.0001,True
1741431815974,86040.0,0.00015,True
1741431815974,86040.0,0.04491,True
1741431815975,86040.0,9e-05,True
1741431815975,86040.0,6e-05,True
1741431815975,86040.0,6e-05,True
1741431815975,86040.0,6e-05,True
1741431815975,86039.71,0.01405,True
1741431815975,86039.71,6e-05,True
1741431815975,86039.71,6e-05,True
1741431815975,86039.51,0.02278,True
1741431815975,86039.51,0.00149,True
1741431815975,86039.51,6e-05,True
1741431815975,86039.51,6e-05,True
1741431815975,86039.26,8e-05,True
1741431815975,86039.25,0.00331,True
1741431815975,86039.25,0.01,True
1741431815976,86039.25,0.00306,True
1741431815976,86039.25,6e-05,True
1741431815976,86039.25,6e-05,True
1741431815976,86039.25,6e-05,True
1741431815976,86039.24,0.02079,True
1741431815977,86039.24,0.00324,True
1741431815977,86039.24,6e-05,True
1741431815977,86039.24,6e-05,True
1741431815977,86039.24,6e-05,True
1741431815977,86039.04,0.00907,True
1741431815978,86039.04,0.00342,True
1741431815978,86039.04,6e-05,True
1741431815978,86039.04,6e-05,True
1741431815978,86039.04,6e-05,True
1741431815978,86038.35,7e-05,True
1741431815978,86038.35,6e-05,True
1741431815978,86037.89,6e-05,True
1741431815978,86037.89,6e-05,True
1741431815978,86037.64,0.01367,True
1741431815978,86037.64,6e-05,True
1741431815978,86037.64,6e-05,True
1741431815978,86037.64,6e-05,True
1741431815978,86037.44,0.01138,True
1741431815982,86037.44,0.00772,True
1741431815984,86037.44,0.0009,True
1741431815984,86037.44,6e-05,True
1741431815984,86037.44,6e-05,True
1741431815984,86037.44,6e-05,True
1741431815984,86037.43,0.00022,True
1741431816009,86037.29,0.00688,True
1741431816009,86037.29,6e-05,True
1741431816009,86037.29,0.003,True
1741431816009,86037.29,6e-05,True
1741431816009,86037.29,6e-05,True
1741431816011,86037.02,0.00085,True
1741431816011,86037.02,6e-05,True
1741431816011,86036.62,0.00023,True
1741431816011,86036.62,0.00023,True
1741431816011,86036.62,0.00013,True
1741431816033,86036.62,0.0001,True
1741431816033,86036.62,0.00026,True
1741431816033,86036.62,8e-05,True
1741431816033,86036.62,6e-05,True
1741431816033,86036.62,6e-05,True
1741431816033,86036.62,6e-05,True
1741431816033,86036.61,0.00238,True
1741431816033,86036.61,0.002,True
1741431816033,86036.61,0.005,True
1741431816034,86036.61,0.00122,True
1741431816034,86036.61,6e-05,True
1741431816034,86036.61,6e-05,True
1741431816034,86036.61,6e-05,True
1741431816034,86036.55,0.0006,True
1741431816034,86036.55,0.003,True
1741431816035,86036.55,0.01741,True
1741431816035,86036.55,6e-05,True
1741431816035,86036.55,6e-05,True
1741431816035,86036.55,6e-05,True
1741431816035,86036.48,0.01244,True
1741431816035,86036.48,6e-05,True
1741431816035,86036.48,6e-05,True
1741431816035,86036.48,6e-05,True
1741431816035,86036.45,0.01036,True
1741431816035,86036.45,6e-05,True
1741431816035,86036.4,0.01234,True
1741431816035,86036.4,6e-05,True
1741431816035,86036.4,6e-05,True
1741431816035,86036.4,6e-05,True
1741431816035,86036.3,0.01654,True
1741431816035,86036.3,6e-05,True
1741431816035,86036.3,6e-05,True
1741431816035,86036.3,6e-05,True
1741431816036,86036.0,0.0001,True
1741431816036,86036.0,0.002,True
1741431816036,86036.0,0.0001,True
1741431816036,86036.0,0.00015,True
1741431816036,86036.0,6e-05,True
1741431816036,86035.43,0.00848,True
1741431816036,86035.4,0.0102,True
1741431816036,86035.04,0.02181,True
1741431816036,86035.04,6e-05,True
1741431816036,86035.04,6e-05,True
1741431816038,86034.96,0.01635,True
1741431816038,86034.96,6e-05,True
1741431816038,86034.96,6e-05,True
1741431816039,86034.28,6e-05,True
1741431816039,86033.63,0.00015,True
1741431816039,86033.63,0.00022,True
1741431816039,86033.62,0.0014,True
1741431816039,86033.62,6e-05,True
1741431816039,86033.33,7e-05,True
1741431816039,86033.04,0.00018,True
1741431816039,86033.04,0.00018,True
1741431816039,86033.02,0.00012,True
1741431816039,86033.02,0.00404,True
1741431816039,86032.68,0.00012,True
1741431816039,86032.68,6e-05,True
1741431816039,86032.58,0.00048,True
1741431816039,86032.32,0.003,True
1741431816039,86032.32,0.01613,True
1741431816042,86032.32,0.00084,True
1741431816042,86032.32,6e-05,True
1741431816042,86032.32,6e-05,True
1741431816042,86032.23,7e-05,True
1741431816042,86032.23,6e-05,True
1741431816042,86032.0,0.0001,True
1741431816042,86032.0,0.002,True
1741431816042,86032.0,0.0001,True
1741431816042,86032.0,0.00015,True
1741431816132,86031.23,0.01101,True
1741431816484,86031.23,0.00202,True
1741431816567,86031.23,0.00052,True
1741431816756,86031.24,0.00116,False
1741431816973,86031.23,0.0002,True
1741431817219,86031.23,0.00968,True
1741431817219,86031.23,6e-05,True
1741431817219,86031.23,6e-05,True
1741431817219,86031.23,0.00031,True
1741431817219,86031.23,0.00013,True
1741431817219,86031.23,0.0011,True
1741431817219,86031.23,0.00266,True
1741431817219,86031.23,0.01401,True
1741431817219,86031.23,0.00712,True
1741431817219,86031.23,0.014,True
1741431817219,86031.23,0.007,True
1741431817219,86031.23,0.007,True
1741431817220,86031.23,0.014,True
1741431817220,86031.23,0.007,True
1741431817220,86031.23,0.0062,True
1741431817220,86031.23,0.007,True
1741431817221,86031.23,0.00415,True
1741431817221,86031.23,0.007,True
1741431817228,86031.23,6e-05,True
1741431817228,86031.23,6e-05,True
1741431817228,86031.22,9e-05,True
1741431817228,86031.22,9e-05,True
1741431817228,86031.22,0.00012,True
1741431817228,86031.22,6e-05,True
1741431817228,86031.22,0.00028,True
1741431817228,86031.22,0.0005,True
1741431817288,86031.21,0.0014,True
1741431817856,86031.21,0.0077,True
1741431817910,86031.21,0.007,True
1741431817973,86031.21,0.0002,True
1741431818109,86031.22,0.00104,False
1741431818781,86031.22,0.00232,False
1741431818985,86031.21,0.0002,True
1741431819369,86031.22,0.0029,False
1741431819642,86031.21,0.0001,True
1741431820107,86031.21,0.001,True
1741431820274,86031.21,0.00022,True
1741431820274,86031.21,6e-05,True
1741431820274,86031.21,6e-05,True
1741431820274,86031.21,0.00051,True
1741431820274,86031.21,2e-05,True
1741431820274,86031.22,0.00116,False
1741431820323,86031.22,0.01038,False
1741431820324,86031.22,0.00381,False
1741431820783,86031.22,0.00116,False
1741431821428,86031.22,0.00174,False
1741431821516,86031.21,0.00153,True
1741431821516,86031.21,0.0618,True
1741431821525,86031.21,0.00929,True
1741431821525,86031.21,0.00013,True
1741431821525,86031.21,0.1,True
1741431821525,86031.21,6e-05,True
1741431821525,86031.21,0.00347,True
1741431821525,86031.21,6e-05,True
1741431821525,86031.21,0.00591,True
1741431821525,86031.21,6e-05,True
1741431821525,86031.2,6e-05,True
1741431821525,86031.2,0.00057,True
1741431821525,86031.19,6e-05,True
1741431821525,86031.19,0.01283,True
1741431821525,86031.19,0.01264,True
1741431821525,86031.19,0.05,True
1741431821526,86031.19,0.04727,True
1741431821527,86031.19,0.01369,True
1741431821527,86031.19,0.00511,True
1741431821527,86031.19,0.00949,True
1741431821527,86031.19,0.01439,True
1741431821527,86031.19,0.26519,True
1741431821527,86031.19,6e-05,True
1741431821527,86031.19,6e-05,True
1741431821527,86031.17,6e-05,True
1741431821527,86031.15,0.00013,True
1741431821527,86031.15,6e-05,True
1741431821527,86031.13,6e-05,True
1741431821527,86031.12,6e-05,True
1741431821527,86031.11,6e-05,True
1741431821527,86031.1,0.00013,True
1741431821527,86031.06,0.00014,True
1741431821527,86030.86,6e-05,True
1741431821527,86030.84,0.01885,True
1741431821527,86030.84,6e-05,True
1741431821527,86030.84,0.00095,True
1741431821527,86030.84,6e-05,True
1741431821527,86030.73,0.01983,True
1741431821527,86030.73,6e-05,True
1741431821527,86030.73,0.00069,True
1741431821527,86030.73,6e-05,True
1741431821527,86030.66,0.00589,True
1741431821527,86030.29,0.01405,True
1741431821527,86030.29,6e-05,True
1741431821527,86030.29,6e-05,True
1741431821527,86030.21,0.01006,True
1741431821527,86029.85,7e-05,True
1741431821527,86029.57,0.00012,True
1741431821527,86029.0,0.00036,True
1741431821527,86028.48,0.00022,True
1741431821527,86028.46,0.00117,True
1741431821527,86028.46,0.01742,True
1741431821527,86028.45,0.002,True
1741431821527,86028.23,0.00015,True
1741431821527,86028.23,0.00015,True
1741431821527,86028.23,0.00015,True
1741431821527,86028.0,0.0001,True
1741431821527,86028.0,0.002,True
1741431821527,86028.0,0.0001,True
1741431821527,86028.0,0.00015,True
1741431821527,86028.0,0.00058,True
1741431821527,86027.79,0.00957,True
1741431821527,86027.71,0.00046,True
1741431821527,86027.71,0.00282,True
1741431821528,86027.71,0.00443,True
1741431821528,86027.56,0.00057,True
1741431821529,86027.56,0.01,True
1741431821531,86027.56,0.00319,True
1741431821531,86027.13,0.00012,True
1741431821531,86026.36,0.00169,True
1741431821531,86026.36,0.01,True
1741431821532,86026.36,0.00155,True
1741431821532,86026.3,0.01323,True
1741431821532,86026.22,0.0129,True
1741431821532,86026.18,0.00024,True
1741431821532,86026.22,6e-05,True
1741431821532,86026.22,6e-05,True
1741431821532,86026.18,0.00116,True
1741431821532,86026.09,0.00167,True
1741431821532,86026.09,0.01082,True
1741431821532,86026.06,0.01036,True
1741431821532,86025.93,0.00052,True
1741431821532,86025.0,0.00583,True
1741431821532,86024.94,0.00012,True
1741431821533,86024.54,0.00092,True
1741431821533,86024.53,0.02167,True
1741431821533,86024.53,6e-05,True
1741431821533,86024.53,6e-05,True
1741431821533,86024.52,0.00407,True
1741431821533,86024.0,0.0001,True
1741431821533,86024.0,0.002,True
1741431821533,86024.0,0.0001,True
1741431821533,86024.0,0.00015,True
1741431821533,86023.77,0.0057,True
1741431821534,86023.77,0.00116,True
1741431821546,86023.77,0.00682,True
1741431821576,86023.77,0.00599,True
1741431821662,86023.77,0.00442,True
1741431821662,86023.77,6e-05,True
1741431821662,86023.77,6e-05,True
1741431821662,86023.77,0.00037,True
1741431821662,86023.77,0.0002,True
1741431821989,86023.77,0.0002,True
1741431822200,86023.77,0.00013,True
1741431822200,86023.77,0.00022,True
1741431822200,86023.77,0.00029,True
1741431822634,86023.78,0.00014,False
1741431822763,86023.78,0.0015,False
1741431822923,86023.78,0.00116,False
1741431823027,86023.77,0.00036,True
1741431823027,86023.77,0.00022,True
1741431823027,86023.77,0.00021,True
1741431823938,86023.78,0.0007,False
1741431824027,86023.78,0.0001,False
1741431824108,86023.78,0.00012,False
1741431824308,86023.77,0.00045,True
1741431824308,86023.77,0.00053,True
1741431825488,86023.77,0.00101,True
1741431825703,86023.78,0.0616,False
1741431825774,86023.78,0.00016,False
1741431826447,86023.77,0.00015,True
1741431826464,86023.77,0.00015,True
1741431826464,86023.77,0.00015,True
1741431827453,86023.77,0.00116,True
1741431827507,86023.78,0.00013,False
1741431827507,86023.78,0.00103,False
1741431828605,86023.77,0.00097,True
1741431828946,86023.77,0.00013,True
1741431829104,86023.78,6e-05,False
1741431829104,86023.78,0.0001,False
1741431830464,86023.78,0.00092,False
1741431830703,86023.78,0.04498,False
1741431830703,86023.78,0.00084,False
1741431830703,86023.78,0.00084,False
1741431830703,86023.78,0.01575,False
1741431832205,86023.77,0.0003,True
1741431832288,86023.77,0.00174,True
1741431832306,86023.78,0.00012,False
1741431832315,86023.77,0.03168,True
1741431833326,86023.77,0.03553,True
1741431833326,86023.77,0.01487,True
1741431833326,86023.77,0.03735,True
1741431833530,86023.77,0.0002,True
1741431833704,86023.78,0.00012,False
1741431834140,86023.77,0.00118,True
1741431835762,86023.78,0.00116,False
1741431836358,86023.77,7e-05,True
1741431836461,86023.77,0.00024,True
1741431837091,86023.77,0.0077,True
1741431837210,86023.77,0.0002,True
1741431837906,86023.78,0.00147,False
1741431838443,86023.77,0.05,True
1741431838443,86023.77,6e-05,True
1741431838443,86023.77,0.00013,True
1741431838443,86023.77,0.00084,True
1741431838443,86023.77,0.02237,True
1741431838460,86023.77,0.01165,True
1741431838465,86023.77,0.01666,True
1741431838465,86023.77,0.00084,True
1741431838465,86023.77,0.03233,True
1741431838526,86023.77,0.00015,True
1741431838558,86023.77,0.0049,True
1741431838580,86023.77,0.00015,True
1741431838587,86023.77,0.00015,True
1741431838587,86023.77,0.00072,True
1741431838588,86023.77,0.00015,True
1741431838663,86023.77,0.00144,True
1741431838706,86023.77,0.00015,True
1741431838727,86023.78,0.00118,False
1741431838829,86023.77,0.00091,True
1741431839315,86023.78,0.00015,False
1741431839407,86023.78,0.00023,False
1741431839535,86023.77,0.00015,True
1741431840019,86023.77,0.0688,True
1741431840019,86023.77,0.1,True
1741431840019,86023.77,0.03752,True
1741431840019,86023.77,0.00013,True
1741431840019,86023.77,0.02421,True
1741431840019,86023.77,0.00732,True
1741431840019,86023.77,0.00068,True
1741431840019,86023.77,0.00339,True
1741431840019,86023.77,0.00892,True
1741431840019,86023.77,0.00222,True
1741431840019,86023.77,0.00969,True
1741431840019,86023.77,0.00227,True
1741431840019,86023.77,0.00044,True
1741431840019,86023.77,6e-05,True
1741431840019,86023.77,6e-05,True
1741431840019,86023.77,0.00654,True
1741431840019,86023.77,0.00014,True
1741431840019,86023.77,0.09552,True
1741431840019,86023.77,0.00732,True
1741431840019,86023.77,0.00892,True
1741431840019,86023.77,0.00969,True
1741431840019,86023.77,6e-05,True
1741431840019,86023.77,0.00459,True
1741431840019,86023.77,0.00273,True
1741431840019,86023.77,0.00892,True
1741431840019,86023.77,0.00969,True
1741431840019,86023.77,0.00732,True
1741431840019,86023.77,0.00892,True
1741431840019,86023.77,0.00969,True
1741431840019,86023.77,0.00732,True
1741431840019,86023.77,0.00892,True
1741431840019,86023.77,0.00969,True
1741431840019,86023.77,0.00732,True
1741431840019,86023.77,0.00892,True
1741431840019,86023.77,0.00969,True
1741431840019,86023.77,0.00732,True
1741431840019,86023.77,0.00892,True
1741431840019,86023.77,0.00969,True
1741431840019,86023.77,0.00732,True
1741431840019,86023.77,0.00892,True
1741431840019,86023.77,0.00969,True
1741431840019,86023.77,0.00732,True
1741431840019,86023.77,0.00892,True
1741431840019,86023.77,0.00969,True
1741431840019,86023.77,0.00724,True
1741431840019,86023.77,0.00889,True
1741431840019,86023.77,0.00963,True
1741431840019,86023.76,6e-05,True
1741431840019,86023.75,6e-05,True
1741431840019,86023.74,6e-05,True
1741431840019,86023.73,6e-05,True
1741431840019,86023.73,0.00014,True
1741431840019,86023.72,6e-05,True
1741431840019,86023.71,0.00168,True
1741431840019,86023.71,6e-05,True
1741431840019,86023.7,6e-05,True
1741431840019,86023.69,0.00089,True
1741431840019,86023.68,0.00013,True
1741431840019,86023.63,0.00013,True
1741431840019,86023.42,0.00103,True
1741431840019,86022.86,0.00012,True
1741431840019,86022.86,0.00142,True
1741431840019,86022.85,0.01983,True
1741431840019,86022.85,6e-05,True
1741431840019,86022.85,6e-05,True
1741431840019,86022.47,0.00012,True
1741431840019,86022.47,0.00024,True
1741431840022,86021.5,0.00012,True
1741431840022,86021.5,6e-05,True
1741431840022,86021.5,6e-05,True
1741431840022,86021.44,7e-05,True
1741431840260,86021.02,0.00013,False
1741431840334,86021.01,0.00222,True
1741431840336,86021.01,0.00016,True
1741431840451,86021.01,0.0006,True
1741431840475,86021.01,0.00042,True
1741431840523,86021.01,7e-05,True
1741431840549,86021.02,0.00116,False
1741431840703,86021.02,0.04362,False
1741431840834,86021.01,0.0013,True
1741431840906,86021.02,0.00118,False
1741431840974,86021.01,0.0001,True
1741431841535,86021.01,0.0143,True
1741431841535,86021.01,6e-05,True
1741431841535,86021.01,6e-05,True
1741431841535,86021.01,0.00014,True
1741431841535,86021.01,0.00013,True
1741431841535,86021.01,0.0233,True
1741431841535,86021.01,6e-05,True
1741431841535,86021.0,6e-05,True
1741431841535,86020.96,0.00013,True
1741431841535,86020.96,6e-05,True
1741431841535,86020.9,0.00124,True
1741431841535,86020.9,0.00013,True
1741431841535,86020.9,6e-05,True
1741431841535,86020.86,6e-05,True
1741431841535,86020.85,6e-05,True
1741431841535,86020.85,0.00139,True
1741431841535,86020.85,0.00013,True
1741431841535,86020.1,0.00021,True
1741431841535,86020.1,0.00018,True
1741431841535,86020.1,0.00018,True
1741431841535,86020.1,0.0002,True
1741431841535,86020.1,0.00015,True
1741431841535,86020.1,6e-05,True
1741431841535,86020.09,0.01971,True
1741431841535,86020.09,6e-05,True
1741431841535,86020.09,6e-05,True
1741431841535,86020.09,6e-05,True
1741431841535,86020.01,0.00011,True
1741431841535,86020.0,0.0001,True
1741431841535,86020.0,0.002,True
1741431841535,86020.0,0.0001,True
1741431841535,86020.0,0.00015,True
1741431841535,86020.0,0.00128,True
1741431841535,86019.69,0.00923,True
1741431841535,86019.59,0.01066,True
1741431841535,86018.75,0.0014,True
1741431841535,86018.36,0.00029,True
1741431841535,86018.02,0.01297,True
1741431841631,86018.02,0.00019,True
1741431842213,86018.02,0.00116,True
1741431842216,86018.02,0.00029,True
1741431842388,86018.02,0.00015,True
1741431842390,86018.02,0.00015,True
1741431842400,86018.02,0.00015,True
1741431842620,86018.02,0.00032,True
1741431842983,86018.02,0.00015,True
1741431842990,86018.02,0.00015,True
1741431842991,86018.02,0.00015,True
1741431842993,86018.02,0.00015,True
1741431842993,86018.02,0.00015,True
1741431842997,86018.02,0.00015,True
1741431842998,86018.02,0.00015,True
1741431843479,86018.02,0.00016,True
1741431844055,86018.03,0.00018,False
1741431844349,86018.02,0.00117,True
1741431845002,86018.03,0.00061,False
1741431845885,86018.02,0.00023,True
1741431846131,86018.02,6e-05,True
1741431846131,86018.02,0.00015,True
1741431846131,86018.02,0.00014,True
1741431846131,86018.02,0.00022,True
1741431846397,86018.02,0.0005,True
1741431846399,86018.02,0.00013,True
1741431846399,86018.02,1e-05,True
1741431847646,86018.02,0.00815,True
1741431847690,86018.02,0.00042,True
1741431847705,86018.02,0.00026,True
1741431848704,86018.03,8e-05,False
1741431848738,86018.02,0.0002,True
1741431849999,86018.02,0.0001,True
1741431850001,86018.02,0.10086,True
1741431850001,86018.02,0.04536,True
1741431850002,86018.02,0.05464,True
1741431850002,86018.02,6e-05,True
1741431850002,86018.02,0.00013,True
1741431850002,86018.01,6e-05,True
1741431850003,86017.99,6e-05,True
1741431850003,86017.98,6e-05,True
1741431850003,86017.98,0.00116,True
1741431850003,86017.97,6e-05,True
1741431850003,86017.97,0.00013,True
1741431850003,86017.96,6e-05,True
1741431850003,86017.94,6e-05,True
1741431850003,86017.93,6e-05,True
1741431850003,86017.92,0.00014,True
1741431850003,86017.87,0.00014,True
1741431850003,86017.7,9e-05,True
1741431850003,86017.7,0.00012,True
1741431850003,86017.7,0.00012,True
1741431850003,86017.7,0.00012,True
1741431850003,86017.69,6e-05,True
1741431850003,86017.69,6e-05,True
1741431850003,86017.53,0.00117,True
1741431850003,86017.37,0.00012,True
1741431850003,86017.37,0.00332,True
1741431850003,86017.14,9e-05,True
1741431850003,86017.14,6e-05,True
1741431850003,86017.13,0.01274,True
1741431850004,86017.13,0.00216,True
1741431850004,86017.13,0.00155,True
1741431850004,86016.66,0.00025,True
1741431850004,86016.15,0.0001,True
1741431850004,86016.15,0.00011,True
1741431850006,86017.13,6e-05,True
1741431850006,86017.13,6e-05,True
1741431850006,86016.0,0.0001,True
1741431850006,86016.0,0.002,True
1741431850006,86016.0,0.0001,True
1741431850006,86016.0,0.00015,True
1741431850006,86015.54,0.002,True
1741431850006,86013.78,0.00053,True
1741431850006,86013.78,0.00913,True
1741431850006,86013.62,0.00087,True
1741431850007,86013.62,0.00017,True
1741431850056,86013.62,0.01327,True
1741431850056,86013.62,6e-05,True
1741431850056,86013.62,6e-05,True
1741431850056,86013.62,6e-05,True
1741431850056,86013.62,6e-05,True
1741431850056,86013.61,0.00022,True
1741431850056,86013.61,6e-05,True
1741431850056,86013.51,0.00014,True
1741431850056,86013.51,6e-05,True
1741431850056,86013.35,0.00022,True
1741431850056,86013.35,6e-05,True
1741431850056,86013.34,0.00029,True
1741431850056,86013.34,0.00017,True
1741431850056,86013.34,0.00022,True
1741431850056,86013.34,0.00022,True
1741431850056,86013.34,6e-05,True
1741431850056,86013.33,0.00245,True
1741431850057,86013.33,0.005,True
1741431850057,86013.33,6e-05,True
1741431850057,86013.16,0.0056,True
1741431850057,86013.16,0.00149,True
1741431850057,86013.16,6e-05,True
1741431850057,86012.65,0.0001,True
1741431850057,86012.65,6e-05,True
1741431850057,86012.64,0.00472,True
1741431850057,86012.64,0.0109,True
1741431850057,86012.64,6e-05,True
1741431850057,86012.64,6e-05,True
1741431850057,86012.45,7e-05,True
1741431850057,86012.0,0.0001,True
1741431850057,86012.0,0.002,True
1741431850057,86012.0,0.0001,True
1741431850057,86012.0,0.00015,True
1741431850057,86011.94,0.0137,True
1741431850057,86011.94,6e-05,True
1741431850057,86011.94,6e-05,True
1741431850057,86011.71,0.00723,True
1741431850060,86011.94,6e-05,True
1741431850060,86011.94,6e-05,True
1741431850060,86011.94,6e-05,True
1741431850060,86011.71,0.00303,True
1741431850060,86011.71,6e-05,True
1741431850060,86011.32,0.0014,True
1741431850060,86011.32,6e-05,True
1741431850063,86010.32,6e-05,True
1741431850063,86010.06,6e-05,True
1741431850063,86010.06,0.003,True
1741431850063,86009.67,0.00012,True
1741431850063,86009.67,6e-05,True
1741431850063,86009.65,0.01083,True
1741431850066,86009.65,0.00143,True
1741431850068,86009.65,0.00973,True
1741431850068,86009.65,6e-05,True
1741431850068,86009.65,6e-05,True
1741431850068,86009.65,0.003,True
1741431850068,86009.65,6e-05,True
1741431850068,86009.18,0.00012,True
1741431850068,86009.18,0.00024,True
1741431850068,86009.17,0.00276,True
1741431850070,86009.17,0.0109,True
1741431850070,86009.17,6e-05,True
1741431850070,86009.17,6e-05,True
1741431850070,86009.17,6e-05,True
1741431850070,86008.9,0.01424,True
1741431850070,86008.9,6e-05,True
1741431850070,86008.9,6e-05,True
1741431850070,86008.9,6e-05,True
1741431850070,86008.51,0.00011,True
1741431850070,86008.5,0.00484,True
1741431850128,86008.5,0.01489,True
1741431850128,86008.5,6e-05,True
1741431850128,86008.5,6e-05,True
1741431850128,86008.5,6e-05,True
1741431850128,86008.5,0.016,True
1741431850128,86008.5,0.00025,True
1741431850128,86008.5,0.05637,True
1741431850236,86008.5,0.0002,True
1741431850270,86008.51,0.00012,False
1741431850290,86008.5,0.06078,True
1741431850416,86008.51,0.00051,False
1741431850703,86008.51,0.06485,False
1741431851679,86008.5,0.00349,True
1741431852021,86008.5,0.00351,True
1741431852021,86008.5,6e-05,True
1741431852021,86008.5,0.00013,True
1741431852021,86008.5,0.0163,True
1741431852478,86008.5,0.00211,True
1741431852867,86008.5,6e-05,True
1741431852867,86008.5,0.00014,True
1741431852867,86008.5,0.0003,True
1741431853189,86008.51,0.00303,False
1741431853293,86008.51,0.00131,False
1741431853705,86008.51,0.00012,False
1741431854350,86008.5,0.02,True
1741431854683,86008.51,0.00067,False
1741431854798,86008.5,0.00249,True
1741431855255,86008.51,0.0021,False
1741431855707,86008.51,0.00029,False
1741431856108,86008.51,0.00109,False
1741431856218,86008.5,5e-05,True
1741431856379,86008.51,0.0006,False
1741431856393,86008.51,0.0005,False
1741431857021,86008.5,0.00947,True
1741431857095,86008.51,0.00013,False
1741431857546,86008.51,0.00021,False
1741431857646,86008.51,0.00116,False
1741431857670,86008.5,0.00023,True
1741431858838,86008.51,0.00094,False
1741431858881,86008.51,0.00034,False
1741431859473,86008.5,0.0005,True
1741431859960,86008.51,0.00016,False
1741431860326,86008.5,0.00018,True
1741431860337,86008.51,0.00116,False
1741431860703,86008.51,0.06179,False
1741431860923,86008.51,6e-05,False
1741431860923,86008.51,0.00014,False
1741431862207,86008.5,0.07708,True
1741431862207,86008.5,6e-05,True
1741431862207,86008.5,0.00013,True
1741431862207,86008.5,6e-05,True
1741431862207,86008.5,0.0735,True
1741431862207,86008.5,0.1,True
1741431862207,86008.5,0.1113,True
1741431862207,86008.5,0.00336,True
1741431862207,86008.5,0.03454,True
1741431862207,86008.5,0.00939,True
1741431862875,86008.5,0.00641,True
1741431863085,86008.5,0.00014,True
1741431863282,86008.5,6e-05,True
1741431863282,86008.5,0.00014,True
1741431864812,86008.51,0.00165,False
1741431865205,86008.5,0.085,True
1741431865615,86008.51,0.00323,False
1741431865615,86008.51,0.00013,False
1741431865615,86008.51,0.00826,False
1741431865615,86008.51,0.00058,False
1741431865615,86008.51,6e-05,False
1741431865615,86008.51,6e-05,False
1741431865615,86008.51,6e-05,False
1741431865615,86008.51,0.0105,False
1741431865615,86008.51,0.0465,False
1741431865615,86008.51,6e-05,False
1741431865615,86008.51,6e-05,False
1741431865615,86008.51,6e-05,False
1741431865615,86008.51,0.00084,False
1741431865615,86008.51,6e-05,False
1741431865615,86008.51,0.00214,False
1741431865615,86008.51,0.00447,False
1741431865615,86008.51,0.0001,False
1741431865615,86008.51,0.0001,False
1741431865615,86008.51,0.0001,False
1741431865615,86008.52,6e-05,False
1741431865615,86008.52,6e-05,False
1741431865615,86008.53,6e-05,False
1741431865615,86008.53,6e-05,False
1741431865615,86008.54,6e-05,False
1741431865615,86008.54,6e-05,False
1741431865615,86008.54,6e-05,False
1741431865615,86008.55,6e-05,False
1741431865615,86008.55,6e-05,False
1741431865615,86008.56,6e-05,False
1741431865615,86008.57,6e-05,False
1741431865615,86008.58,6e-05,False
1741431865615,86008.66,0.00013,False
1741431865615,86009.18,0.00142,False
1741431865615,86009.4,6e-05,False
1741431865615,86010.0,6e-05,False
1741431865615,86010.0,6e-05,False
1741431865615,86010.3,7e-05,False
1741431865615,86010.3,7e-05,False
1741431865615,86010.3,8e-05,False
1741431865615,86010.3,8e-05,False
1741431865615,86010.3,7e-05,False
1741431865703,86010.31,0.05693,False
1741431866071,86010.3,0.0064,True
1741431866533,86010.31,0.00871,False
1741431867430,86010.3,0.00509,True
1741431867655,86010.3,0.00051,True
1741431867806,86010.31,0.00219,False
1741431868139,86010.31,0.00015,False
1741431868211,86010.31,0.00048,False
1741431868414,86010.3,0.01307,True
1741431868895,86010.3,0.01042,True
1741431869216,86010.31,0.00435,False
1741431869216,86010.31,0.00014,False
1741431869216,86010.31,0.0465,False
1741431869216,86010.31,6e-05,False
1741431869216,86010.31,6e-05,False
1741431869216,86010.31,6e-05,False
1741431869216,86010.31,6e-05,False
1741431869216,86010.31,6e-05,False
1741431869216,86010.31,0.0001,False
1741431869216,86010.31,0.0001,False
1741431869216,86010.31,0.0001,False
1741431869216,86010.31,6e-05,False
1741431869216,86010.31,0.00058,False
1741431869216,86010.31,0.00021,False
1741431869216,86010.31,6e-05,False
1741431869216,86010.31,6e-05,False
1741431869216,86010.34,6e-05,False
1741431869216,86010.34,6e-05,False
1741431869216,86010.34,8e-05,False
1741431869216,86010.35,6e-05,False
1741431869216,86010.35,6e-05,False
1741431869216,86010.36,6e-05,False
1741431869216,86010.36,6e-05,False
1741431869216,86010.36,0.00013,False
1741431869216,86010.41,6e-05,False
1741431869216,86010.41,6e-05,False
1741431869216,86010.42,6e-05,False
1741431869216,86010.42,0.00013,False
1741431869216,86010.45,6e-05,False
1741431869216,86010.46,6e-05,False
1741431869216,86010.47,0.00013,False
1741431869216,86010.88,7e-05,False
1741431869216,86010.88,7e-05,False
1741431869216,86010.88,7e-05,False
1741431869216,86010.89,0.01162,False
1741431869216,86011.13,7e-05,False
1741431869216,86011.13,7e-05,False
1741431869216,86011.13,6e-05,False
1741431869216,86011.13,7e-05,False
1741431869250,86011.14,6e-05,False
1741431869250,86011.14,0.0001,False
1741431869250,86011.14,0.0001,False
1741431869250,86011.14,0.0001,False
1741431869250,86011.14,6e-05,False
1741431869250,86011.14,6e-05,False
1741431869250,86011.14,6e-05,False
1741431869250,86011.14,6e-05,False
1741431869250,86011.14,6e-05,False
1741431869250,86011.14,6e-05,False
1741431869250,86011.14,6e-05,False
1741431869250,86011.71,7e-05,False
1741431869250,86011.71,7e-05,False
1741431869250,86011.71,6e-05,False
1741431869250,86011.71,6e-05,False
1741431869250,86011.71,7e-05,False
1741431869276,86011.72,0.01179,False
1741431869276,86011.72,6e-05,False
1741431869276,86011.72,0.0001,False
1741431869276,86011.72,0.0001,False
1741431869276,86011.72,0.0001,False
1741431869276,86011.72,6e-05,False
1741431869276,86011.72,6e-05,False
1741431869276,86011.72,6e-05,False
1741431869276,86011.72,0.00013,False
1741431869276,86011.72,6e-05,False
1741431869276,86011.72,6e-05,False
1741431869276,86011.72,6e-05,False
1741431869276,86011.72,6e-05,False
1741431869276,86011.75,7e-05,False
1741431869276,86011.75,6e-05,False
1741431869276,86011.75,6e-05,False
1741431869276,86012.0,6e-05,False
1741431869276,86012.0,6e-05,False
1741431869276,86012.0,6e-05,False
1741431869276,86012.29,7e-05,False
1741431869276,86012.29,7e-05,False
1741431869276,86012.29,6e-05,False
1741431869276,86012.29,6e-05,False
1741431869276,86012.29,6e-05,False
1741431869276,86012.29,7e-05,False
1741431869276,86012.3,0.0101,False
1741431869276,86012.3,6e-05,False
1741431869276,86012.3,6e-05,False
1741431869276,86012.84,7e-05,False
1741431869276,86012.84,7e-05,False
1741431869276,86012.84,6e-05,False
1741431869276,86012.84,7e-05,False
1741431869276,86012.85,0.01162,False
1741431869276,86012.85,6e-05,False
1741431869276,86012.87,6e-05,False
1741431869276,86012.87,6e-05,False
1741431869276,86013.78,7e-05,False
1741431869276,86013.78,0.00011,False
1741431869276,86013.78,7e-05,False
1741431869276,86013.78,7e-05,False
1741431869276,86013.78,7e-05,False
1741431870168,86013.79,6e-05,False
1741431870168,86013.79,6e-05,False
1741431870168,86013.79,0.0465,False
1741431870168,86013.79,6e-05,False
1741431870168,86013.79,6e-05,False
1741431870168,86013.79,6e-05,False
1741431870168,86013.79,0.00013,False
1741431870168,86013.79,6e-05,False
1741431870168,86013.79,0.0001,False
1741431870168,86013.79,0.0001,False
1741431870168,86013.79,6e-05,False
1741431870168,86013.79,0.0001,False
1741431870168,86013.79,6e-05,False
1741431870168,86013.82,0.0001,False
1741431870168,86013.82,6e-05,False
1741431870168,86013.82,6e-05,False
1741431870168,86013.84,6e-05,False
1741431870168,86013.84,6e-05,False
1741431870168,86013.85,0.00014,False
1741431870168,86013.85,6e-05,False
1741431870168,86013.85,6e-05,False
1741431870168,86013.88,6e-05,False
1741431870168,86013.88,6e-05,False
1741431870168,86013.92,0.00014,False
1741431870168,86013.92,6e-05,False
1741431870168,86014.11,6e-05,False
1741431870168,86014.11,6e-05,False
1741431870168,86014.12,6e-05,False
1741431870168,86014.6,6e-05,False
1741431870168,86014.77,7e-05,False
1741431870168,86015.49,7e-05,False
1741431870168,86015.49,7e-05,False
1741431870168,86015.49,7e-05,False
1741431871162,86015.49,6e-05,True
1741431871326,86015.49,0.04,True
1741431871326,86015.49,0.059,True
1741431871326,86015.49,0.05708,True
1741431871326,86015.49,7e-05,True
1741431871326,86015.49,0.091,True
1741431871326,86015.49,0.04963,True
1741431871326,86015.49,0.07327,True
1741431871326,86015.49,6e-05,True
1741431871326,86015.49,0.025,True
1741431871326,86015.49,0.10721,True
1741431871326,86015.49,6e-05,True
1741431871326,86015.49,0.00014,True
1741431871326,86015.49,8e-05,True
1741431871326,86015.49,0.4695,True
1741431871326,86015.49,0.00123,True
1741431871326,86015.49,0.00506,True
1741431871326,86015.49,0.00014,True
1741431871326,86015.49,0.00084,True
1741431871326,86015.49,0.00084,True
1741431871326,86015.49,0.00089,True
1741431871326,86015.49,0.1,True
1741431871326,86015.49,0.11,True
1741431871326,86015.49,0.00391,True
1741431871326,86015.49,0.00014,True
1741431871326,86015.49,0.00013,True
1741431871326,86015.49,0.00085,True
1741431871326,86015.49,0.00222,True
1741431871326,86015.49,0.1324,True
1741431871326,86015.49,6e-05,True
1741431871326,86015.49,6e-05,True
1741431871326,86015.48,6e-05,True
1741431871326,86014.76,6e-05,True
1741431871326,86014.63,6e-05,True
1741431871326,86014.63,6e-05,True
1741431871326,86014.63,6e-05,True
1741431871326,86014.62,6e-05,True
1741431871326,86014.61,6e-05,True
1741431871326,86014.61,6e-05,True
1741431871326,86014.61,6e-05,True
1741431871326,86014.61,6e-05,True
1741431871326,86014.6,6e-05,True
1741431871326,86014.59,0.1229,True
1741431871326,86014.59,0.1208,True
1741431871326,86014.59,6e-05,True
1741431871326,86014.59,6e-05,True
1741431871326,86014.59,0.00081,True
1741431871326,86014.59,6e-05,True
1741431871326,86013.81,0.03422,True
1741431871327,86013.81,0.08,True
1741431871327,86013.81,0.00868,True
1741431871327,86013.81,6e-05,True
1741431871327,86013.81,6e-05,True
1741431871327,86013.78,0.0001,True
1741431871327,86013.78,0.0011,True
1741431871327,86013.78,0.05831,True
1741431871327,86013.78,0.00058,True
1741431871327,86013.74,6e-05,True
1741431871327,86012.07,0.00084,True
1741431871327,86012.07,0.00047,True
1741431871327,86012.01,6e-05,True
1741431871327,86011.72,6e-05,True
1741431871327,86011.72,6e-05,True
1741431871327,86010.47,6e-05,True
1741431871327,86010.47,6e-05,True
1741431871327,86010.28,6e-05,True
1741431871327,86009.1,6e-05,True
1741431871327,86008.6,0.0001,True
1741431871327,86008.54,0.00035,True
1741431871327,86008.54,6e-05,True
1741431871327,86008.54,6e-05,True
1741431871327,86008.5,0.02228,True
1741431871327,86008.5,0.00087,True
1741431871327,86008.5,0.00043,True
1741431871327,86008.5,0.45,True
1741431871327,86008.31,0.00074,True
1741431871327,86008.0,0.0001,True
1741431871327,86008.0,0.002,True
1741431871327,86008.0,0.0001,True
1741431871327,86008.0,0.00015,True
1741431871327,86008.0,0.00307,True
1741431871327,86008.0,0.00105,True
1741431871327,86006.91,0.01162,True
1741431871327,86006.73,0.00696,True
1741431871327,86006.63,0.00163,True
1741431871328,86006.42,0.00012,True
1741431871328,86006.18,0.00046,True
1741431871328,86006.17,0.00036,True
1741431871328,86006.17,0.00036,True
1741431871328,86006.17,7e-05,True
1741431871328,86006.17,0.00036,True
1741431871328,86006.16,0.00019,True
1741431871328,86006.16,0.00033,True
1741431871328,86006.15,0.00058,True
1741431871328,86006.15,0.00217,True
1741431871328,86006.15,0.01,True
1741431871328,86006.15,0.00171,True
1741431871328,86006.14,0.00584,True
1741431871328,86006.0,0.01089,True
1741431871328,86005.85,0.0001,True
1741431871328,86005.78,6e-05,True
1741431871328,86005.7,0.001,True
1741431871328,86005.42,0.003,True
1741431871328,86005.07,0.00285,True
1741431871328,86004.93,0.05817,True
1741431871328,86004.73,0.00012,True
1741431871328,86004.66,7e-05,True
1741431871328,86004.66,7e-05,True
1741431871328,86004.18,0.00957,True
1741431871328,86004.0,0.0001,True
1741431871328,86004.0,0.002,True
1741431871328,86004.0,0.0001,True
1741431871328,86004.0,0.00015,True
1741431871328,86003.88,0.0014,True
1741431871328,86003.47,0.02156,True
1741431871328,86003.42,0.01476,True
1741431871328,86003.35,0.04602,True
1741431871328,86002.82,0.0001,True
1741431871328,86002.62,0.002,True
1741431871328,86002.43,0.00957,True
1741431871328,86002.24,7e-05,True
1741431871328,86002.06,0.01773,True
1741431871328,86002.0,0.02325,True
1741431871328,86001.99,0.00012,True
1741431871328,86001.91,0.08762,True
1741431871328,86001.91,0.005,True
1741431871329,86001.77,0.02421,True
1741431871329,86001.7,0.02068,True
1741431871329,86001.44,6e-05,True
1741431871329,86001.41,9e-05,True
1741431871329,86001.17,0.0001,True
1741431871329,86000.99,0.00861,True
1741431871329,86000.96,0.0005,True
1741431871329,86000.9,0.10575,True
1741431871330,86000.9,0.01411,True
1741431871330,86000.9,0.00064,True
1741431871330,86000.9,9e-05,True
1741431871330,86000.9,9e-05,True
1741431871330,86000.9,9e-05,True
1741431871330,86000.9,9e-05,True
1741431871330,86000.9,0.0001,True
1741431871330,86000.9,0.00108,True
1741431871330,86000.9,0.00017,True
1741431871330,86000.9,9e-05,True
1741431871330,86000.9,9e-05,True
1741431871330,86000.9,0.00014,True
1741431871330,86000.9,9e-05,True
1741431871330,86000.9,9e-05,True
1741431871330,86000.9,9e-05,True
1741431871330,86000.9,9e-05,True
1741431871330,86000.9,0.00026,True
1741431871330,86000.9,0.00014,True
1741431871330,86000.9,9e-05,True
1741431871330,86000.9,0.00018,True
1741431871330,86000.9,0.00014,True
1741431871330,86000.89,0.01162,True
1741431871330,86000.5,0.00097,True
1741431871330,86000.41,9e-05,True
1741431871330,86000.41,0.00064,True
1741431871330,86000.39,0.00011,True
1741431871330,86000.33,0.00581,True
1741431871330,86000.3,0.00058,True
1741431871330,86000.04,9e-05,True
1741431871330,86000.01,0.00025,True
1741431871330,86000.0,0.00126,True
1741431871330,86000.0,0.01322,True
1741431871330,86000.0,0.0001,True
1741431871330,86000.0,0.05195,True
1741431871330,86000.0,0.00068,True
1741431871330,86000.0,0.00581,True
1741431871330,86000.0,0.04317,True
1741431871330,86000.0,0.00194,True
1741431871330,86000.0,0.00035,True
1741431871330,86000.0,0.0358,True
1741431871334,86006.15,6e-05,True
1741431871334,86006.15,0.003,True
1741431871334,86006.15,6e-05,True
1741431871336,86004.47,0.00018,True
1741431871336,86004.47,0.00017,True
1741431871336,86004.46,6e-05,True
1741431871336,86004.46,6e-05,True
1741431871336,86001.7,6e-05,True
1741431871336,86001.7,6e-05,True
1741431871336,86000.9,6e-05,True
1741431871336,86000.9,6e-05,True
1741431871336,86000.0,0.02885,True
1741431871346,86000.0,0.00217,True
1741431871346,86000.0,0.01783,True
1741431871371,86000.0,0.012,True
1741431871379,86000.0,0.04,True
1741431871379,86000.0,0.15004,True
1741431871379,86000.0,0.00581,True
1741431871379,86000.0,6e-05,True
1741431871379,86000.0,0.00409,True
1741431871379,86000.0,0.00172,True
1741431871379,86000.0,0.00036,True
1741431871379,86000.0,0.00581,True
1741431871379,86000.0,0.00091,True
1741431871379,86000.0,0.00017,True
1741431871379,86000.0,0.00348,True
1741431871379,86000.0,0.002,True
1741431871379,86000.0,0.00315,True
1741431871379,86000.0,0.001,True
1741431871379,86000.0,0.00014,True
1741431871379,86000.0,0.0001,True
1741431871379,86000.0,0.00015,True
1741431871379,86000.0,8e-05,True
1741431871379,86000.0,0.00022,True
1741431871379,86000.0,0.001,True
1741431871379,86000.0,0.00012,True
1741431871379,86000.0,0.00232,True
1741431871379,86000.0,0.00136,True
1741431871379,86000.0,9e-05,True
1741431871379,86000.0,0.03395,True
1741431871379,86000.0,6e-05,True
1741431871379,86000.0,0.00062,True
1741431871379,86000.0,0.01,True
1741431871379,86000.0,0.00351,True
1741431871379,86000.0,0.00078,True
1741431871379,86000.0,0.00057,True
1741431871379,86000.0,6e-05,True
1741431871379,86000.0,0.00627,True
1741431871446,86000.0,0.00402,True
1741431871446,86000.0,0.0001,True
1741431871446,86000.0,0.00416,True
1741431871446,86000.0,0.00016,True
1741431871446,86000.0,0.00017,True
1741431871446,86000.0,0.00016,True
1741431871446,86000.0,9e-05,True
1741431871446,86000.0,0.0001,True
1741431871446,86000.0,7e-05,True
1741431871446,86000.0,0.0001,True
1741431871446,86000.0,0.00017,True
1741431871446,86000.0,0.00107,True
1741431871446,86000.0,0.00012,True
1741431871446,86000.0,0.00142,True
1741431871446,86000.0,0.00016,True
1741431871446,86000.0,9e-05,True
1741431871446,86000.0,0.0004,True
1741431871446,86000.0,7e-05,True
1741431871446,86000.0,0.00011,True
1741431871446,86000.0,0.00029,True
1741431871446,86000.0,0.00011,True
1741431871446,86000.0,0.00067,True
1741431871446,86000.0,6e-05,True
1741431871446,86000.0,6e-05,True
1741431871446,86000.0,9e-05,True
1741431871446,86000.0,0.00018,True
1741431871446,86000.0,9e-05,True
1741431871446,86000.0,0.00018,True
1741431871446,86000.0,0.00063,True
1741431871446,86000.0,0.00021,True
1741431871446,86000.0,0.00034,True
1741431871446,86000.0,0.00012,True
1741431871446,86000.0,8e-05,True
1741431871446,86000.0,0.00017,True
1741431871446,86000.0,0.0006,True
1741431871446,86000.0,6e-05,True
1741431871446,86000.0,0.00029,True
1741431871446,86000.0,0.00217,True
1741431871446,86000.0,9e-05,True
1741431871446,86000.0,6e-05,True
1741431871446,86000.0,0.00013,True
1741431871446,86000.0,6e-05,True
1741431871446,86000.0,6e-05,True
1741431871446,86000.0,0.00012,True
1741431871446,86000.0,6e-05,True
1741431871446,86000.0,0.00175,True
1741431871446,86000.0,0.00259,True
1741431871446,86000.0,0.01162,True
1741431871446,86000.0,0.00432,True
1741431871446,86000.0,0.16,True
1741431871446,86000.0,0.08,True
1741431871457,86000.0,0.00022,True
1741431871460,86000.0,0.00692,True
1741431871468,86000.0,0.00671,True
1741431871469,86000.0,0.01126,True
1741431871470,86000.0,0.0053,True
1741431871488,86000.0,0.0251,True
1741431871488,86000.0,0.00702,True
1741431871490,86000.0,0.00065,True
1741431871490,86000.0,0.00935,True
1741431871491,86000.0,0.005,True
1741431871500,86000.0,0.01147,True
1741431871503,86000.0,0.01111,True
1741431871504,86000.0,0.02067,True
1741431871504,86000.0,0.00814,True
1741431871505,86000.0,0.02347,True
1741431871511,86000.0,0.00586,True
1741431871512,86000.0,0.01778,True
1741431871513,86000.0,0.04577,True
1741431871513,86000.0,6e-05,True
1741431871513,86000.0,0.0001,True
1741431871513,86000.0,0.00465,True
1741431871513,86000.0,6e-05,True
1741431871513,86000.0,0.00065,True
1741431871513,86000.0,0.0114,True
1741431871513,86000.0,0.00179,True
1741431871513,86000.0,0.00174,True
1741431871513,86000.0,0.00042,True
1741431871513,86000.0,0.00058,True
1741431871513,86000.0,0.02906,True
1741431871513,86000.0,9e-05,True
1741431871513,86000.0,0.00233,True
1741431871513,86000.0,0.00218,True
1741431871513,86000.0,0.01,True
1741431871513,86000.0,0.00011,True
1741431871513,86000.0,6e-05,True
1741431871513,86000.0,7e-05,True
1741431871513,86000.0,0.00236,True
1741431871513,86000.0,7e-05,True
1741431871513,86000.0,0.1,True
1741431871513,86000.0,0.00011,True
1741431871513,86000.0,0.00116,True
1741431871513,86000.0,0.00186,True
1741431871513,86000.0,7e-05,True
1741431871513,86000.0,0.10325,True
1741431871516,86000.0,0.00604,True
1741431871518,86000.0,0.01877,True
1741431871520,86000.0,0.0067,True
1741431871529,86000.0,0.00332,True
1741431871529,86000.0,0.02161,True
1741431871530,86000.0,0.00714,True
1741431871543,86000.0,0.0151,True
1741431871544,86000.0,0.02527,True
1741431871547,86000.0,0.01062,True
1741431871547,86000.0,0.01395,True
1741431871547,86000.0,0.01458,True
1741431871547,86000.0,0.00667,True
1741431871549,86000.0,0.00879,True
1741431871549,86000.0,0.011,True
1741431871559,86000.0,0.00697,True
1741431871559,86000.0,0.01205,True
1741431871559,86000.0,0.0047,True
1741431871560,86000.0,0.01633,True
1741431871568,86000.0,0.00592,True
1741431871568,86000.0,0.01395,True
1741431871572,86000.0,0.07908,True
1741431871572,86000.0,0.00026,True
1741431871572,86000.0,0.00882,True
1741431871572,86000.0,7e-05,True
1741431871572,86000.0,0.0048,True
1741431871572,86000.0,0.00081,True
1741431871572,86000.0,0.00174,True
1741431871572,86000.0,0.00232,True
1741431871572,86000.0,0.002,True
1741431871572,86000.0,0.00146,True
1741431871572,86000.0,0.07987,True
1741431871573,86000.0,0.38524,True
1741431871573,86000.0,0.00011,True
1741431871573,86000.0,0.00023,True
1741431871573,86000.0,0.00023,True
1741431871573,86000.0,0.00026,True
1741431871573,86000.0,0.00151,True
1741431871573,86000.0,0.05,True
1741431871573,86000.0,0.00058,True
1741431871573,86000.0,6e-05,True
1741431871573,86000.0,7e-05,True
1741431871573,86000.0,0.01163,True
1741431871573,86000.0,0.00034,True
1741431871573,86000.0,0.0003,True
1741431871573,86000.0,0.0006,True
1741431871573,86000.0,0.00581,True
1741431871573,86000.0,8e-05,True
1741431871573,86000.0,6e-05,True
1741431871573,86000.0,6e-05,True
1741431871573,86000.0,6e-05,True
1741431871573,86000.0,6e-05,True
1741431871573,86000.0,6e-05,True
1741431871573,86000.0,6e-05,True
1741431871573,86000.0,6e-05,True
1741431871573,86000.0,6e-05,True
1741431871573,86000.0,6e-05,True
1741431871573,86000.0,0.00013,True
1741431871573,86000.0,6e-05,True
1741431871573,86000.0,6e-05,True
1741431871573,86000.0,0.00068,True
1741431871573,86000.0,0.00013,True
1741431871573,86000.0,6e-05,True
1741431871573,86000.0,6e-05,True
1741431871573,85999.99,6e-05,True
1741431871573,85999.99,6e-05,True
1741431871573,85999.86,0.00013,True
1741431871573,85999.86,6e-05,True
1741431871573,85999.86,6e-05,True
1741431871573,85999.76,0.00019,True
1741431871573,85999.76,6e-05,True
1741431871573,85999.76,6e-05,True
1741431871573,85999.47,0.00034,True
1741431871573,85999.47,0.00048,True
1741431871573,85999.47,0.00033,True
1741431871573,85999.47,0.0006,True
1741431871573,85999.47,6e-05,True
1741431871573,85999.47,6e-05,True
1741431871573,85999.47,0.00033,True
1741431871573,85999.47,0.00027,True
1741431871575,85999.47,6e-05,True
1741431871575,85999.33,0.00036,True
1741431871575,85999.33,6e-05,True
1741431871575,85999.29,6e-05,True
1741431871575,85999.1,7e-05,True
1741431871575,85999.1,6e-05,True
1741431871581,85999.0,0.00295,True
1741431871582,85999.0,0.01752,True
1741431871582,85999.0,6e-05,True
1741431871584,85999.0,0.00272,True
1741431871584,85999.0,6e-05,True
1741431871584,85999.0,0.003,True
1741431871584,85999.0,6e-05,True
1741431871584,85999.0,6e-05,True
1741431871584,85999.0,6e-05,True
1741431871584,85999.0,6e-05,True
1741431871584,85999.0,6e-05,True
1741431871584,85999.0,6e-05,True
1741431871584,85999.0,0.00013,True
1741431871584,85999.0,6e-05,True
1741431871584,85998.91,0.00012,True
1741431871584,85998.91,6e-05,True
1741431871584,85998.91,6e-05,True
1741431871584,85998.53,0.00034,True
1741431871585,85998.53,0.0018,True
1741431871585,85998.53,0.00478,True
1741431871585,85998.53,6e-05,True
1741431871585,85998.53,6e-05,True
1741431871585,85998.33,6e-05,True
1741431871585,85998.33,6e-05,True
1741431871585,85998.33,6e-05,True
1741431871585,85998.32,0.00601,True
1741431871585,85998.32,0.00584,True
1741431871587,85998.32,0.00362,True
1741431871589,85998.32,0.0029,True
1741431871589,85998.32,6e-05,True
1741431871589,85998.32,6e-05,True
1741431871589,85998.32,6e-05,True
1741431871589,85998.32,6e-05,True
1741431871589,85998.32,6e-05,True
1741431871589,85998.32,6e-05,True
1741431871589,85998.32,6e-05,True
1741431871589,85998.32,6e-05,True
1741431871589,85998.11,0.00954,True
1741431871589,85998.11,0.00363,True
1741431871589,85998.11,6e-05,True
1741431871589,85998.11,6e-05,True
1741431871589,85998.11,6e-05,True
1741431871589,85998.11,6e-05,True
1741431871589,85997.96,0.003,True
1741431871589,85997.96,6e-05,True
1741431871589,85997.96,6e-05,True
1741431871589,85997.95,0.00431,True
1741431871589,85997.95,0.0115,True
1741431871589,85997.95,0.0035,True
1741431871590,85997.95,0.00065,True
1741431871590,85997.95,6e-05,True
1741431871590,85997.95,6e-05,True
1741431871590,85997.95,6e-05,True
1741431871590,85997.72,0.002,True
1741431871590,85997.72,6e-05,True
1741431871590,85997.72,6e-05,True
1741431871590,85997.54,0.02121,True
1741431871590,85997.54,6e-05,True
1741431871590,85997.54,6e-05,True
1741431871590,85997.54,6e-05,True
1741431871590,85997.31,0.0032,True
1741431871591,85997.31,0.01163,True
1741431871591,85997.31,6e-05,True
1741431871591,85997.31,6e-05,True
1741431871591,85997.31,6e-05,True
1741431871591,85997.3,0.00314,True
1741431871591,85997.3,0.00422,True
1741431871591,85997.3,6e-05,True
1741431871591,85997.12,0.00109,True
1741431871592,85997.12,0.00817,True
1741431871595,85997.12,0.00327,True
1741431871626,85997.13,0.0002,False
1741431871733,85997.12,0.00456,True
1741431871733,85997.12,6e-05,True
1741431871733,85997.12,6e-05,True
1741431871733,85997.12,6e-05,True
1741431871733,85997.12,6e-05,True
1741431871733,85997.12,6e-05,True
1741431871733,85997.12,6e-05,True
1741431871733,85997.12,6e-05,True
1741431871733,85997.12,0.00013,True
1741431871733,85997.12,0.00014,True
1741431871733,85997.12,0.00402,True
1741431871734,85997.12,0.00859,True
1741431871737,85997.12,6e-05,True
1741431871737,85997.12,6e-05,True
1741431871737,85997.12,6e-05,True
1741431871737,85997.12,6e-05,True
1741431871737,85997.12,6e-05,True
1741431871737,85997.12,6e-05,True
1741431871737,85997.11,6e-05,True
1741431871737,85997.11,6e-05,True
1741431871737,85997.1,6e-05,True
1741431871737,85997.1,6e-05,True
1741431871737,85997.1,6e-05,True
1741431871737,85997.1,6e-05,True
1741431871737,85997.1,6e-05,True
1741431871747,85997.09,0.0001,True
1741431871802,85997.09,0.0002,True
1741431871832,85997.1,0.0002,False
1741431871975,85997.09,0.00222,True
1741431872197,85997.09,0.01125,True
1741431872197,85997.09,6e-05,True
1741431872197,85997.09,6e-05,True
1741431872197,85997.09,6e-05,True
1741431872197,85997.09,6e-05,True
1741431872197,85997.09,6e-05,True
1741431872197,85997.09,6e-05,True
1741431872197,85997.09,6e-05,True
1741431872197,85997.09,0.00013,True
1741431872197,85997.09,0.00014,True
1741431872197,85997.09,6e-05,True
1741431872197,85996.98,0.00013,True
1741431872197,85996.98,6e-05,True
1741431872197,85996.98,6e-05,True
1741431872197,85996.93,0.00013,True
1741431872197,85996.93,6e-05,True
1741431872197,85996.93,6e-05,True
1741431872197,85996.45,0.0014,True
1741431872197,85996.45,6e-05,True
1741431872197,85996.45,6e-05,True
1741431872197,85996.42,6e-05,True
1741431872197,85996.42,6e-05,True
1741431872197,85996.31,6e-05,True
1741431872197,85996.16,0.0001,True
1741431872197,85996.16,6e-05,True
1741431872197,85996.0,0.0001,True
1741431872197,85996.0,0.002,True
1741431872197,85996.0,0.0001,True
1741431872197,85996.0,0.00015,True
1741431872197,85996.0,6e-05,True
1741431872197,85995.97,9e-05,True
1741431872197,85995.9,0.00094,True
1741431872199,85995.9,6e-05,True
1741431872199,85995.9,6e-05,True
1741431872199,85995.9,6e-05,True
1741431872199,85995.1,0.0001,True
1741431872200,85995.09,0.01912,True
1741431872200,85995.09,6e-05,True
1741431872200,85995.09,6e-05,True
1741431872200,85994.9,0.02249,True
1741431872200,85994.9,6e-05,True
1741431872200,85994.9,6e-05,True
1741431872200,85994.6,0.00483,True
1741431872200,85994.47,0.01352,True
1741431872204,85994.47,6e-05,True
1741431872204,85994.47,6e-05,True
1741431872204,85994.47,6e-05,True
1741431872204,85994.47,6e-05,True
1741431872204,85994.47,6e-05,True
1741431872204,85994.44,6e-05,True
1741431872204,85994.44,6e-05,True
1741431872204,85994.0,0.00013,True
1741431872204,85994.0,6e-05,True
1741431872228,85993.96,0.00663,True
1741431872228,85993.96,6e-05,True
1741431872228,85993.96,6e-05,True
1741431872228,85993.96,6e-05,True
1741431872228,85993.96,6e-05,True
1741431872228,85993.96,6e-05,True
1741431872228,85993.96,6e-05,True
1741431872228,85993.96,6e-05,True
1741431872228,85993.96,6e-05,True
1741431872228,85993.95,0.00016,True
1741431872228,85993.95,6e-05,True
1741431872228,85993.95,6e-05,True
1741431872228,85993.55,6e-05,True
1741431872228,85993.55,6e-05,True
1741431872228,85993.44,9e-05,True
1741431872228,85993.44,0.00019,True
1741431872228,85993.44,0.00012,True
1741431872228,85993.44,0.00019,True
1741431872228,85993.44,6e-05,True
1741431872228,85993.44,6e-05,True
1741431872228,85993.43,0.01007,True
1741431872228,85993.43,6e-05,True
1741431872228,85993.43,6e-05,True
1741431872228,85993.14,0.01741,True
1741431872228,85993.14,6e-05,True
1741431872228,85993.14,6e-05,True
1741431872228,85993.14,6e-05,True
1741431872228,85993.0,0.01892,True
1741431872228,85993.0,6e-05,True
1741431872228,85993.0,6e-05,True
1741431872228,85993.0,6e-05,True
1741431872228,85992.87,0.01205,True
1741431872228,85992.87,6e-05,True
1741431872228,85992.87,6e-05,True
1741431872228,85992.87,6e-05,True
1741431872228,85992.73,0.00017,True
1741431872233,85992.64,0.08,True
1741431872233,85992.64,0.04,True
1741431872233,85992.64,0.003,True
1741431872233,85992.64,0.16,True
1741431872235,85992.64,0.002,True
1741431872236,85992.64,0.01,True
1741431872237,85992.64,0.19405,True
1741431872237,85992.64,6e-05,True
1741431872237,85992.64,6e-05,True
1741431872237,85992.64,6e-05,True
1741431872237,85992.64,6e-05,True
1741431872237,85992.64,6e-05,True
1741431872237,85992.64,6e-05,True
1741431872237,85992.64,6e-05,True
1741431872237,85992.64,6e-05,True
1741431872237,85992.6,0.00917,True
1741431872237,85992.6,6e-05,True
1741431872237,85992.6,6e-05,True
1741431872237,85992.37,0.00011,True
1741431872237,85992.36,0.02054,True
1741431872237,85992.36,6e-05,True
1741431872237,85992.36,6e-05,True
1741431872237,85992.36,6e-05,True
1741431872237,85992.36,6e-05,True
1741431872237,85992.33,0.00596,True
1741431872237,85992.33,6e-05,True
1741431872237,85992.33,6e-05,True
1741431872237,85992.28,0.00769,True
1741431872237,85992.28,6e-05,True
1741431872237,85992.28,6e-05,True
1741431872237,85992.16,0.01704,True
1741431872237,85992.16,6e-05,True
1741431872237,85992.16,6e-05,True
1741431872237,85992.16,6e-05,True
1741431872237,85992.0,0.0001,True
1741431872237,85992.0,0.002,True
1741431872237,85992.0,0.0001,True
1741431872237,85992.0,0.00015,True
1741431872237,85992.0,6e-05,True
1741431872238,85991.53,7e-05,True
1741431872238,85991.53,6e-05,True
1741431872238,85991.4,7e-05,True
1741431872238,85991.39,0.01998,True
1741431872238,85991.39,6e-05,True
1741431872238,85991.39,6e-05,True
1741431872238,85991.38,7e-05,True
1741431872238,85990.95,0.00013,True
1741431872238,85990.94,0.00051,True
1741431872238,85990.91,0.00659,True
1741431872239,85990.91,0.01154,True
1741431872239,85990.91,6e-05,True
1741431872239,85990.91,6e-05,True
1741431872241,85990.91,6e-05,True
1741431872241,85990.59,6e-05,True
1741431872241,85990.59,6e-05,True
1741431872242,85990.32,6e-05,True
1741431872242,85990.32,6e-05,True
1741431872242,85990.32,6e-05,True
1741431872242,85990.32,6e-05,True
1741431872242,85990.28,0.0007,True
1741431872242,85990.28,6e-05,True
1741431872242,85990.28,6e-05,True
1741431872302,85990.22,0.0002,True
1741431872328,85990.22,0.01338,True
1741431872328,85990.22,6e-05,True
1741431872328,85990.22,6e-05,True
1741431872328,85990.22,6e-05,True
1741431872328,85990.22,6e-05,True
1741431872328,85990.22,0.00013,True
1741431872328,85990.22,6e-05,True
1741431872328,85990.22,6e-05,True
1741431872328,85990.22,6e-05,True
1741431872328,85990.22,0.00019,True
1741431872328,85990.22,6e-05,True
1741431872328,85990.21,6e-05,True
1741431872328,85990.21,6e-05,True
1741431872328,85990.1,0.00016,True
1741431872328,85990.1,0.00016,True
1741431872328,85990.1,0.00016,True
1741431872328,85990.1,0.00011,True
1741431872328,85990.1,6e-05,True
1741431872328,85990.1,6e-05,True
1741431872328,85990.09,0.00026,True
1741431872350,85990.09,0.00694,True
1741431872350,85990.09,6e-05,True
1741431872350,85990.09,6e-05,True
1741431872350,85990.09,6e-05,True
1741431872350,85990.09,6e-05,True
1741431872350,85990.09,6e-05,True
1741431872350,85990.09,6e-05,True
1741431872350,85990.09,6e-05,True
1741431872350,85990.09,6e-05,True
1741431872350,85990.09,6e-05,True
1741431872350,85990.09,6e-05,True
1741431872350,85990.08,0.01909,True
1741431872378,85990.08,0.00391,True
1741431872378,85990.08,6e-05,True
1741431872378,85990.08,6e-05,True
1741431872378,85990.08,6e-05,True
1741431872378,85990.08,6e-05,True
1741431872378,85990.08,6e-05,True
1741431872378,85990.08,6e-05,True
1741431872378,85990.08,6e-05,True
1741431872378,85990.08,6e-05,True
1741431872378,85990.08,6e-05,True
1741431872378,85990.08,6e-05,True
1741431872378,85990.08,6e-05,True
1741431872378,85990.08,6e-05,True
1741431872378,85989.97,0.00013,True
1741431872378,85989.97,6e-05,True
1741431872378,85989.97,6e-05,True
1741431872378,85989.92,0.00014,True
1741431872378,85989.92,6e-05,True
1741431872378,85989.92,6e-05,True
1741431872378,85989.91,6e-05,True
1741431872378,85989.91,6e-05,True
1741431872378,85989.9,0.00115,True
1741431872378,85989.9,0.0046,True
1741431872378,85989.9,0.00412,True
1741431872412,85989.9,0.00529,True
1741431872412,85989.9,6e-05,True
1741431872412,85989.9,6e-05,True
1741431872412,85989.9,6e-05,True
1741431872412,85989.9,6e-05,True
1741431872412,85989.9,6e-05,True
1741431872412,85989.9,6e-05,True
1741431872412,85989.9,6e-05,True
1741431872412,85989.9,0.00014,True
1741431872412,85989.9,6e-05,True
1741431872412,85989.7,0.002,True
1741431872412,85989.7,6e-05,True
1741431872412,85989.7,6e-05,True
1741431872412,85989.68,0.003,True
1741431872412,85989.68,6e-05,True
1741431872412,85989.68,6e-05,True
1741431872412,85989.49,6e-05,True
1741431872412,85989.49,6e-05,True
1741431872412,85989.49,6e-05,True
1741431872412,85989.18,0.00135,True
1741431872730,85989.19,0.00127,False
1741431872836,85989.18,0.002,True
1741431872902,85989.18,0.01009,True
1741431872902,85989.18,6e-05,True
1741431872902,85989.18,6e-05,True
1741431872902,85989.18,6e-05,True
1741431872902,85989.18,6e-05,True
1741431872902,85989.18,0.00014,True
1741431872902,85989.18,6e-05,True
1741431872902,85989.18,6e-05,True
1741431872902,85989.18,6e-05,True
1741431872902,85989.18,6e-05,True
1741431872902,85989.16,0.00013,True
1741431872902,85989.16,6e-05,True
1741431872902,85989.16,6e-05,True
1741431872902,85989.11,0.00976,True
1741431872902,85989.11,6e-05,True
1741431872902,85989.11,6e-05,True
1741431872902,85989.07,0.00014,True
1741431872902,85989.07,6e-05,True
1741431872902,85989.07,6e-05,True
1741431872902,85989.02,0.0014,True
1741431872902,85989.02,6e-05,True
1741431872902,85989.02,6e-05,True
1741431872902,85989.02,0.00013,True
1741431872902,85988.47,0.00012,True
1741431872902,85988.47,8e-05,True
1741431872902,85988.47,8e-05,True
1741431872902,85988.47,6e-05,True
1741431872902,85988.47,8e-05,True
1741431872902,85988.47,6e-05,True
1741431872902,85988.46,0.01293,True
1741431872902,85988.46,6e-05,True
1741431872902,85988.46,6e-05,True
1741431872902,85988.46,6e-05,True
1741431872902,85988.3,0.00166,True
1741431873053,85988.31,0.00116,False
1741431873223,85988.3,0.00064,True
1741431873303,85988.3,0.0002,True
1741431873704,85988.31,9e-05,False
1741431874203,85988.31,0.0001,False
1741431874288,85988.31,0.00609,False
1741431874310,85988.3,0.0002,True
1741431874376,85988.3,0.00157,True
1741431874612,85988.31,0.00011,False
1741431874905,85988.31,6e-05,False
1741431874905,85988.31,6e-05,False
1741431874905,85988.31,6e-05,False
1741431874905,85988.31,6e-05,False
1741431874905,85988.31,9e-05,False
1741431875016,85988.31,0.00325,False
1741431875115,85988.3,0.00015,True
1741431875627,85988.3,0.00073,True
1741431875703,85988.31,0.04316,False
1741431875703,85988.31,0.00759,False
1741431875816,85988.31,0.00112,False
1741431876400,85988.31,0.00404,False
1741431876420,85988.3,0.00011,True
1741431876859,85988.31,0.0065,False
1741431877188,85988.31,0.00507,False
1741431877734,85988.3,0.00127,True
1741431877761,85988.31,0.00073,False
1741431878072,85988.3,0.0026,True
1741431878337,85988.31,0.07495,False
1741431878337,85988.31,0.00014,False
1741431878337,85988.31,0.00058,False
1741431878337,85988.31,0.00068,False
1741431878337,85988.31,6e-05,False
1741431878337,85988.31,6e-05,False
1741431878337,85988.31,6e-05,False
1741431878337,85988.31,0.00037,False
1741431878337,85988.31,0.0465,False
1741431878337,85988.31,6e-05,False
1741431878337,85988.31,0.02412,False
1741431878338,85988.31,0.04264,False
1741431878338,85988.31,0.0001,False
1741431878338,85988.31,0.0001,False
1741431878338,85988.31,0.0001,False
1741431878338,85988.31,6e-05,False
1741431878338,85988.31,6e-05,False
1741431878338,85988.33,0.00014,False
1741431878338,85988.33,6e-05,False
1741431878338,85988.33,6e-05,False
1741431878338,85988.36,6e-05,False
1741431878338,85988.36,6e-05,False
1741431878338,85988.38,6e-05,False
1741431878338,85988.38,6e-05,False
1741431878338,85988.39,6e-05,False
1741431878338,85988.39,6e-05,False
1741431878338,85988.4,6e-05,False
1741431878338,85988.41,6e-05,False
1741431878338,85988.41,0.00013,False
1741431878338,85988.42,6e-05,False
1741431878338,85988.46,0.00013,False
1741431878338,85989.19,6e-05,False
1741431878338,85989.19,0.00013,False
1741431878338,85989.19,8e-05,False
1741431878338,85989.19,7e-05,False
1741431878338,85989.19,7e-05,False
1741431878338,85989.19,6e-05,False
1741431878338,85989.19,7e-05,False
1741431878344,85989.2,0.02,False
1741431878344,85989.2,6e-05,False
1741431878344,85989.2,0.0001,False
1741431878344,85989.2,0.0001,False
1741431878344,85989.2,0.0001,False
1741431878344,85989.2,6e-05,False
1741431878344,85989.2,6e-05,False
1741431878344,85989.2,6e-05,False
1741431878344,85989.2,6e-05,False
1741431878344,85989.2,6e-05,False
1741431878344,85989.2,6e-05,False
1741431878344,85989.2,6e-05,False
1741431878344,85989.29,8e-05,False
1741431878344,85989.29,7e-05,False
1741431878344,85989.29,7e-05,False
1741431878344,85989.29,0.0001,False
1741431878344,85989.29,6e-05,False
1741431878344,85989.29,6e-05,False
1741431878344,85989.29,7e-05,False
1741431878344,85989.3,0.02,False
1741431878344,85989.3,6e-05,False
1741431878344,85989.3,6e-05,False
1741431878344,85989.3,6e-05,False
1741431878344,85989.3,6e-05,False
1741431878344,85989.48,6e-05,False
1741431878344,85989.48,6e-05,False
1741431878344,85990.01,7e-05,False
1741431878344,85990.01,7e-05,False
1741431878344,85990.01,6e-05,False
1741431878344,85990.01,6e-05,False
1741431878344,85990.01,7e-05,False
1741431878344,85990.02,0.01162,False
1741431878344,85990.02,6e-05,False
1741431878344,85990.34,8e-05,False
1741431878344,85990.34,6e-05,False
1741431878344,85990.82,7e-05,False
1741431878344,85990.82,7e-05,False
1741431878344,85990.82,0.0001,False
1741431878344,85990.82,6e-05,False
1741431878344,85990.82,7e-05,False
1741431878344,85990.83,6e-05,False
1741431878344,85990.83,6e-05,False
1741431878347,85991.84,7e-05,False
1741431878347,85991.84,7e-05,False
1741431878347,85991.84,7e-05,False
1741431878347,85991.84,7e-05,False
1741431878347,85991.84,7e-05,False
1741431878347,85991.84,7e-05,False
1741431878391,85991.85,6e-05,False
1741431878391,85991.85,6e-05,False
1741431878391,85991.85,0.0001,False
1741431878391,85991.85,0.0001,False
1741431878391,85991.85,0.0001,False
1741431878391,85991.85,6e-05,False
1741431878391,85991.85,6e-05,False
1741431878391,85991.85,6e-05,False
1741431878391,85991.85,6e-05,False
1741431878391,85991.85,6e-05,False
1741431878391,85991.85,0.00356,False
1741431878391,85991.85,0.00149,False
1741431878391,85991.85,6e-05,False
1741431878391,85992.08,6e-05,False
1741431878391,85992.08,6e-05,False
1741431878391,85992.08,6e-05,False
1741431878391,85992.14,0.00017,False
1741431878391,85992.14,0.00017,False
1741431878391,85992.14,0.00017,False
1741431878391,85992.14,6e-05,False
1741431878391,85992.14,6e-05,False
1741431878391,85992.15,6e-05,False
1741431878391,85992.15,6e-05,False
1741431878391,85992.64,7e-05,False
1741431878391,85992.64,7e-05,False
1741431878391,85992.64,6e-05,False
1741431878391,85992.64,6e-05,False
1741431878391,85992.64,7e-05,False
1741431878393,85992.65,0.07577,False
1741431878393,85992.65,6e-05,False
1741431878393,85992.65,6e-05,False
1741431878393,85992.65,6e-05,False
1741431878393,85992.94,6e-05,False
1741431878393,85992.94,6e-05,False
1741431878393,85993.53,7e-05,False
1741431878393,85993.53,7e-05,False
1741431878393,85993.53,6e-05,False
1741431878393,85993.53,7e-05,False
1741431878400,85993.54,6e-05,False
1741431878400,85993.54,6e-05,False
1741431878400,85993.54,0.0001,False
1741431878400,85993.54,0.0001,False
1741431878400,85993.54,0.0001,False
1741431878400,85993.54,6e-05,False
1741431878400,85993.54,6e-05,False
1741431878400,85993.54,6e-05,False
1741431878400,85993.54,6e-05,False
1741431878400,85993.54,6e-05,False
1741431878400,85993.54,6e-05,False
1741431878400,85993.55,7e-05,False
1741431878400,85993.55,7e-05,False
1741431878400,85993.55,6e-05,False
1741431878400,85993.55,6e-05,False
1741431878400,85993.55,7e-05,False
1741431878400,85993.56,0.00019,False
1741431878536,85993.55,0.0966,True
1741431878536,85993.55,0.08334,True
1741431878536,85993.55,0.01,True
1741431878536,85993.55,0.08757,True
1741431878536,85993.55,0.02249,True
1741431878615,85993.56,0.01143,False
1741431878615,85993.56,6e-05,False
1741431878615,85993.56,6e-05,False
1741431878615,85993.56,6e-05,False
1741431878615,85993.56,6e-05,False
1741431878615,85993.56,0.00014,False
1741431878615,85993.56,6e-05,False
1741431878615,85993.56,6e-05,False
1741431878615,85993.56,0.0001,False
1741431878615,85993.56,0.0001,False
1741431878615,85993.56,0.0001,False
1741431878615,85993.57,6e-05,False
1741431878615,85993.57,6e-05,False
1741431878615,85993.58,0.00013,False
1741431878615,85993.58,6e-05,False
1741431878615,85993.58,6e-05,False
1741431878615,85993.59,0.00016,False
1741431878615,85993.59,6e-05,False
1741431878615,85993.59,6e-05,False
1741431878615,85993.67,0.00013,False
1741431878615,85993.67,6e-05,False
1741431878615,85993.67,6e-05,False
1741431878615,85993.72,0.00014,False
1741431878615,85993.72,6e-05,False
1741431878615,85993.81,6e-05,False
1741431878615,85993.81,6e-05,False
1741431878615,85993.98,7e-05,False
1741431878615,85993.98,7e-05,False
1741431878615,85993.98,6e-05,False
1741431878615,85993.98,7e-05,False
1741431878615,85993.99,9e-05,False
1741431878615,85993.99,9e-05,False
1741431878615,85993.99,9e-05,False
1741431878615,85993.99,0.0015,False
1741431878615,85994.33,0.0001,False
1741431878615,85994.33,0.0001,False
1741431878615,85994.67,6e-05,False
1741431878615,85996.13,0.00146,False
1741431878615,85996.41,6e-05,False
1741431878615,85997.09,0.00011,False
1741431878615,85997.53,0.00058,False
1741431878615,85997.59,7e-05,False
1741431878615,85997.59,7e-05,False
1741431878615,85997.78,7e-05,False
1741431878615,85997.78,7e-05,False
1741431878615,85997.78,7e-05,False
1741431878615,85997.79,0.003,False
1741431878615,85997.8,7e-05,False
1741431878615,85997.8,7e-05,False
1741431878615,85997.8,7e-05,False
1741431878615,85997.8,7e-05,False
1741431878633,85997.81,6e-05,False
1741431878633,85997.81,6e-05,False
1741431878633,85997.81,6e-05,False
1741431878633,85997.81,6e-05,False
1741431878633,85997.81,6e-05,False
1741431878633,85997.81,6e-05,False
1741431878633,85997.81,0.0001,False
1741431878633,85997.81,0.0001,False
1741431878633,85997.81,0.0001,False
1741431878633,85997.81,6e-05,False
1741431878633,85997.81,6e-05,False
1741431878633,85997.83,7e-05,False
1741431878633,85997.83,7e-05,False
1741431878633,85997.83,0.00019,False
1741431878633,85997.83,0.00019,False
1741431878633,85997.83,0.00019,False
1741431878633,85997.83,6e-05,False
1741431878633,85997.83,6e-05,False
1741431878633,85997.84,0.00022,False
1741431878633,85997.84,6e-05,False
1741431878633,85997.84,6e-05,False
1741431878633,85997.84,0.001,False
1741431878633,85997.99,6e-05,False
1741431878633,85997.99,6e-05,False
1741431878633,85998.0,6e-05,False
1741431878633,85998.0,6e-05,False
1741431878633,85998.14,7e-05,False
1741431878633,85998.14,7e-05,False
1741431878633,85998.14,7e-05,False
1741431878633,85998.14,6e-05,False
1741431878633,85998.14,7e-05,False
1741431878681,85998.15,0.0001,False
1741431878681,85998.15,0.0001,False
1741431878681,85998.15,0.0001,False
1741431878681,85998.15,6e-05,False
1741431878681,85998.15,6e-05,False
1741431878681,85998.15,6e-05,False
1741431878681,85998.15,6e-05,False
1741431878681,85998.15,6e-05,False
1741431878681,85998.15,6e-05,False
1741431878681,85998.15,7e-05,False
1741431878681,85998.15,6e-05,False
1741431878681,85998.15,6e-05,False
1741431878681,85998.71,7e-05,False
1741431878681,85998.71,7e-05,False
1741431878681,85998.71,6e-05,False
1741431878681,85998.71,6e-05,False
1741431878681,85998.71,6e-05,False
1741431878681,85998.71,7e-05,False
1741431878715,85998.72,0.01162,False
1741431878715,85998.72,6e-05,False
1741431878715,85998.72,6e-05,False
1741431878715,85998.72,6e-05,False
1741431878715,85998.72,6e-05,False
1741431878715,85998.72,6e-05,False
1741431878715,85998.72,6e-05,False
1741431878715,85998.72,0.00013,False
1741431878715,85998.72,0.0001,False
1741431878715,85998.72,0.0001,False
1741431878715,85998.72,0.0001,False
1741431878715,85998.77,0.00014,False
1741431878715,85998.83,6e-05,False
1741431878715,85998.83,6e-05,False
1741431878715,85998.84,6e-05,False
1741431878715,85998.84,6e-05,False
1741431878715,85999.01,6e-05,False
1741431878715,85999.01,6e-05,False
1741431878715,85999.01,6e-05,False
1741431878715,85999.13,6e-05,False
1741431878715,85999.13,6e-05,False
1741431878715,85999.5,6e-05,False
1741431878715,85999.53,6e-05,False
1741431878715,85999.54,6e-05,False
1741431878715,86000.97,0.00012,False
1741431878715,86001.77,7e-05,False
1741431878715,86001.77,7e-05,False
1741431878715,86001.77,7e-05,False
1741431878715,86001.78,0.00334,False
1741431878715,86002.0,6e-05,False
1741431878715,86002.0,6e-05,False
1741431878715,86002.1,7e-05,False
1741431878715,86002.1,7e-05,False
1741431878715,86002.1,7e-05,False
1741431878734,86002.11,6e-05,False
1741431878734,86002.11,0.0001,False
1741431878734,86002.11,0.0001,False
1741431878734,86002.11,6e-05,False
1741431878734,86002.11,6e-05,False
1741431878734,86002.11,0.0001,False
1741431878734,86002.11,6e-05,False
1741431878734,86002.11,6e-05,False
1741431878734,86002.11,6e-05,False
1741431878734,86002.11,6e-05,False
1741431878734,86002.14,0.00021,False
1741431878734,86002.14,6e-05,False
1741431878734,86002.14,6e-05,False
1741431878734,86002.43,7e-05,False
1741431878734,86002.43,7e-05,False
1741431878734,86002.43,7e-05,False
1741431878734,86002.43,4e-05,False
1741431878734,86002.43,3e-05,False
1741431878734,86002.43,0.00023,False
1741431878734,86002.43,0.00023,False
1741431878734,86002.43,6e-05,False
1741431878734,86002.43,6e-05,False
1741431878734,86002.43,0.00023,False
1741431878734,86002.43,0.0015,False
1741431878734,86002.43,7e-05,False
1741431878835,86002.44,6e-05,False
1741431878835,86002.44,0.0001,False
1741431878835,86002.44,0.0001,False
1741431878835,86002.44,0.0001,False
1741431878835,86002.44,6e-05,False
1741431878835,86002.44,6e-05,False
1741431878835,86002.44,6e-05,False
1741431878835,86002.44,6e-05,False
1741431878835,86002.44,6e-05,False
1741431878835,86002.44,6e-05,False
1741431878835,86002.44,6e-05,False
1741431878835,86002.46,6e-05,False
1741431878835,86002.46,6e-05,False
1741431878835,86002.46,6e-05,False
1741431878835,86002.47,6e-05,False
1741431878835,86002.47,6e-05,False
1741431878835,86002.47,6e-05,False
1741431878835,86002.55,0.00014,False
1741431878835,86002.55,6e-05,False
1741431878835,86002.55,6e-05,False
1741431878835,86002.6,0.00013,False
1741431878835,86002.6,6e-05,False
1741431878835,86002.6,6e-05,False
1741431878835,86002.9,7e-05,False
1741431878835,86002.9,7e-05,False
1741431878835,86002.9,6e-05,False
1741431878835,86002.9,7e-05,False
1741431878879,86002.91,0.00113,False
1741431879235,86002.91,0.00019,False
1741431879465,86002.91,0.00244,False
1741431880149,86002.91,0.00629,False
1741431880149,86002.91,6e-05,False
1741431880149,86002.91,0.0001,False
1741431880149,86002.91,6e-05,False
1741431880149,86002.91,6e-05,False
1741431880149,86002.91,6e-05,False
1741431880149,86002.91,6e-05,False
1741431880149,86002.91,6e-05,False
1741431880149,86002.91,0.00013,False
1741431880149,86002.91,0.0001,False
1741431880149,86002.91,6e-05,False
1741431880149,86002.91,6e-05,False
1741431880149,86002.91,6e-05,False
1741431880149,86002.91,6e-05,False
1741431880149,86002.91,6e-05,False
1741431880149,86002.91,0.0001,False
1741431880149,86002.91,6e-05,False
1741431880149,86002.91,6e-05,False
1741431880149,86002.91,0.0001,False
1741431880149,86002.91,0.0001,False
1741431880149,86002.91,0.0001,False
1741431880149,86002.91,6e-05,False
1741431880149,86002.91,6e-05,False
1741431880149,86002.95,6e-05,False
1741431880149,86002.95,6e-05,False
1741431880149,86002.96,0.00014,False
1741431880149,86002.96,6e-05,False
1741431880149,86002.96,6e-05,False
1741431880149,86003.01,0.00013,False
1741431880149,86003.01,6e-05,False
1741431880149,86003.01,6e-05,False
1741431880149,86003.02,6e-05,False
1741431880149,86003.02,6e-05,False
1741431880149,86003.05,0.00014,False
1741431880149,86003.05,6e-05,False
1741431880149,86003.07,6e-05,False
1741431880149,86003.33,6e-05,False
1741431880149,86003.34,6e-05,False
1741431880149,86003.56,6e-05,False
1741431880149,86003.56,6e-05,False
1741431880149,86003.56,6e-05,False
1741431880149,86003.57,0.0014,False
1741431880149,86004.2,6e-05,False
1741431880149,86004.38,0.0001,False
1741431880149,86004.38,0.0001,False
1741431880149,86004.53,7e-05,False
1741431880149,86004.53,7e-05,False
1741431880149,86004.53,7e-05,False
1741431880149,86004.53,7e-05,False
1741431880149,86004.53,7e-05,False
1741431880149,86004.54,0.02,False
1741431880149,86004.54,6e-05,False
1741431880149,86004.54,6e-05,False
1741431880149,86004.73,7e-05,False
1741431880149,86004.73,7e-05,False
1741431880149,86004.73,7e-05,False
1741431880149,86004.74,0.01162,False
1741431880149,86005.07,6e-05,False
1741431880149,86005.47,7e-05,False
1741431880149,86005.47,7e-05,False
1741431880149,86005.47,7e-05,False
1741431880149,86005.47,7e-05,False
1741431880199,86005.48,0.04,False
1741431880199,86005.48,0.08,False
1741431880199,86005.48,0.02,False
1741431880199,86005.48,6e-05,False
1741431880199,86005.48,0.0001,False
1741431880199,86005.48,0.0001,False
1741431880199,86005.48,0.0001,False
1741431880199,86005.48,6e-05,False
1741431880199,86005.48,6e-05,False
1741431880199,86005.48,6e-05,False
1741431880199,86005.48,6e-05,False
1741431880199,86005.48,6e-05,False
1741431880199,86005.48,6e-05,False
1741431880199,86005.48,6e-05,False
1741431880199,86005.49,0.00017,False
1741431880199,86005.49,6e-05,False
1741431880199,86005.49,6e-05,False
1741431880199,86005.69,7e-05,False
1741431880199,86005.69,7e-05,False
1741431880199,86005.69,6e-05,False
1741431880199,86005.69,6e-05,False
1741431880199,86005.69,7e-05,False
1741431880199,86005.7,0.003,False
1741431880199,86005.7,6e-05,False
1741431880199,86005.7,6e-05,False
1741431880199,86005.94,6e-05,False
1741431880199,86005.94,6e-05,False
1741431880199,86005.99,6e-05,False
1741431880199,86006.0,6e-05,False
1741431880199,86006.42,7e-05,False
1741431880199,86006.42,7e-05,False
1741431880199,86006.42,6e-05,False
1741431880199,86006.42,6e-05,False
1741431880199,86006.42,0.00014,False
1741431880199,86006.42,0.00014,False
1741431880199,86006.42,0.00014,False
1741431880199,86006.42,7e-05,False
1741431880203,86007.16,6e-05,False
1741431880203,86007.16,6e-05,False
1741431880203,86007.18,7e-05,False
1741431880203,86007.18,7e-05,False
1741431880203,86007.18,7e-05,False
1741431880203,86007.19,0.00087,False
1741431880232,86007.19,0.01075,False
1741431880232,86007.19,6e-05,False
1741431880232,86007.19,0.0001,False
1741431880232,86007.19,0.0001,False
1741431880232,86007.19,6e-05,False
1741431880232,86007.19,6e-05,False
1741431880232,86007.19,6e-05,False
1741431880232,86007.19,6e-05,False
1741431880232,86007.19,0.0001,False
1741431880232,86007.19,6e-05,False
1741431880232,86007.19,6e-05,False
1741431880232,86007.19,6e-05,False
1741431880232,86007.19,6e-05,False
1741431880232,86007.19,6e-05,False
1741431880232,86007.19,6e-05,False
1741431880232,86007.2,8e-05,False
1741431880232,86007.2,6e-05,False
1741431880232,86007.35,0.00013,False
1741431880232,86007.67,6e-05,False
1741431880232,86007.67,6e-05,False
1741431880232,86007.67,6e-05,False
1741431880232,86007.83,6e-05,False
1741431880232,86007.83,6e-05,False
1741431880232,86007.83,6e-05,False
1741431880232,86007.84,7e-05,False
1741431880232,86007.84,7e-05,False
1741431880232,86007.84,8e-05,False
1741431880232,86007.84,8e-05,False
1741431880232,86007.84,8e-05,False
1741431880232,86007.84,6e-05,False
1741431880232,86007.84,7e-05,False
1741431880243,86007.85,6e-05,False
1741431880243,86007.85,6e-05,False
1741431880243,86007.85,0.0001,False
1741431880243,86007.85,0.0001,False
1741431880243,86007.85,0.0001,False
1741431880243,86007.85,6e-05,False
1741431880243,86007.85,6e-05,False
1741431880243,86007.85,6e-05,False
1741431880243,86007.85,6e-05,False
1741431880243,86007.85,6e-05,False
1741431880243,86007.85,6e-05,False
1741431880243,86008.0,6e-05,False
1741431880243,86008.0,6e-05,False
1741431880243,86008.03,6e-05,False
1741431880243,86008.03,6e-05,False
1741431880243,86008.91,6e-05,False
1741431880243,86008.91,6e-05,False
1741431880243,86008.91,6e-05,False
1741431880243,86009.12,6e-05,False
1741431880243,86009.12,6e-05,False
1741431880243,86009.13,6e-05,False
1741431880243,86009.35,7e-05,False
1741431880243,86009.35,7e-05,False
1741431880243,86009.35,6e-05,False
1741431880243,86009.35,7e-05,False
1741431880251,86009.36,6e-05,False
1741431880251,86009.36,6e-05,False
1741431880251,86009.36,6e-05,False
1741431880251,86009.36,6e-05,False
1741431880251,86009.36,6e-05,False
1741431880251,86009.36,6e-05,False
1741431880251,86009.36,6e-05,False
1741431880251,86009.36,0.0001,False
1741431880251,86009.36,0.0001,False
1741431880251,86009.36,0.0001,False
1741431880251,86009.36,6e-05,False
1741431880251,86009.37,0.00011,False
1741431880251,86009.56,0.00051,False
1741431880300,86009.56,0.01111,False
1741431880300,86009.56,6e-05,False
1741431880300,86009.56,0.0001,False
1741431880300,86009.56,0.0001,False
1741431880300,86009.56,6e-05,False
1741431880300,86009.56,6e-05,False
1741431880300,86009.56,6e-05,False
1741431880300,86009.56,6e-05,False
1741431880300,86009.56,6e-05,False
1741431880300,86009.56,6e-05,False
1741431880300,86009.56,6e-05,False
1741431880300,86009.56,0.0001,False
1741431880300,86009.56,6e-05,False
1741431880300,86009.56,6e-05,False
1741431880300,86009.56,6e-05,False
1741431880300,86009.56,6e-05,False
1741431880300,86009.56,6e-05,False
1741431880300,86010.27,6e-05,False
1741431880300,86010.27,6e-05,False
1741431880300,86010.27,6e-05,False
1741431880300,86010.28,7e-05,False
1741431880300,86010.28,7e-05,False
1741431880300,86010.28,6e-05,False
1741431880300,86010.28,6e-05,False
1741431880300,86010.28,7e-05,False
1741431880300,86010.29,7e-05,False
1741431880300,86010.29,7e-05,False
1741431880300,86010.29,0.00012,False
1741431880300,86010.29,0.00012,False
1741431880300,86010.29,0.00012,False
1741431880300,86010.29,6e-05,False
1741431880300,86010.29,6e-05,False
1741431880300,86010.29,0.0015,False
1741431880300,86010.29,7e-05,False
1741431880506,86010.29,0.0055,True
1741431880659,86010.29,0.00232,True
1741431880661,86010.29,0.00096,True
1741431880703,86010.3,0.07869,False
1741431881178,86010.3,0.00035,False
1741431881339,86010.3,0.00055,False
1741431881474,86010.3,0.00232,False
1741431881632,86010.3,6e-05,False
1741431881695,86010.3,0.00011,False
1741431882302,86010.29,0.00115,True
1741431882426,86010.29,0.0077,True
1741431882630,86010.3,0.00103,False
1741431882942,86010.29,0.00034,True
1741431883230,86010.29,0.00013,True
1741431884178,86010.29,0.0023,True
1741431885275,86010.29,0.08244,True
1741431885275,86010.29,0.01,True
1741431885275,86010.29,0.0961,True
1741431885275,86010.29,0.08919,True
1741431885275,86010.29,0.04227,True
1741431885276,86010.29,0.04933,True
1741431885276,86010.29,0.01718,True
1741431885276,86010.29,6e-05,True
1741431885276,86010.29,0.00013,True
1741431885276,86010.29,0.11,True
1741431885276,86010.29,0.1,True
1741431885276,86010.29,0.00014,True
1741431885276,86010.29,6e-05,True
1741431885276,86010.29,6e-05,True
1741431885276,86010.29,6e-05,True
1741431885276,86010.29,0.00058,True
1741431885276,86010.29,0.00085,True
1741431885276,86010.29,0.00089,True
1741431885276,86010.29,6e-05,True
1741431885276,86010.29,0.00085,True
1741431885276,86010.29,6e-05,True
1741431885276,86010.29,0.0001,True
1741431885276,86010.29,0.00014,True
1741431885276,86010.29,0.08325,True
1741431885333,86010.29,0.00289,True
1741431885333,86010.29,0.00083,True
1741431885333,86010.29,0.01201,True
1741431885333,86010.29,0.02605,True
1741431885333,86010.29,0.00623,True
1741431885333,86010.29,0.00014,True
1741431885333,86010.29,0.00013,True
1741431885333,86010.29,0.0001,True
1741431885333,86010.29,6e-05,True
1741431885333,86010.29,6e-05,True
1741431885333,86010.29,6e-05,True
1741431885333,86010.29,6e-05,True
1741431885333,86010.29,0.0001,True
1741431885333,86010.29,0.003,True
1741431885333,86010.29,6e-05,True
1741431885333,86010.29,6e-05,True
1741431885333,86010.29,0.0001,True
1741431885333,86010.29,0.0001,True
1741431885333,86010.29,0.0001,True
1741431885333,86010.29,6e-05,True
1741431885333,86010.29,0.00083,True
1741431885333,86010.29,0.00014,True
1741431885333,86010.29,3e-05,True
1741431885333,86010.29,0.00082,True
1741431885333,86010.29,6e-05,True
1741431885333,86010.28,6e-05,True
1741431885333,86010.28,6e-05,True
1741431885333,86010.28,6e-05,True
1741431885333,86010.15,6e-05,True
1741431885333,86010.15,6e-05,True
1741431885333,86010.12,6e-05,True
1741431885333,86010.12,6e-05,True
1741431885333,86010.06,6e-05,True
1741431885333,86010.06,6e-05,True
1741431885333,86009.92,6e-05,True
1741431885333,86009.91,6e-05,True
1741431885333,86009.59,6e-05,True
1741431885333,86009.41,6e-05,True
1741431885333,86008.61,8e-05,True
1741431885333,86008.61,8e-05,True
1741431885333,86008.61,8e-05,True
1741431885333,86007.84,0.00118,True
1741431885406,86007.64,0.00775,True
1741431885423,86007.64,0.00387,True
1741431885423,86007.64,0.00062,True
1741431885423,86007.64,0.0001,True
1741431885423,86007.64,0.0001,True
1741431885423,86007.64,0.0001,True
1741431885423,86007.64,0.00362,True
1741431885423,86007.64,0.01,True
1741431885423,86007.64,0.00238,True
1741431885423,86007.64,6e-05,True
1741431885423,86007.64,6e-05,True
1741431885423,86007.64,6e-05,True
1741431885423,86007.64,6e-05,True
1741431885423,86007.64,6e-05,True
1741431885423,86007.64,6e-05,True
1741431885423,86007.64,0.00013,True
1741431885423,86007.64,0.00035,True
1741431885452,86007.64,0.00504,True
1741431885452,86007.64,0.00775,True
1741431885452,86007.64,6e-05,True
1741431885452,86007.64,8e-05,True
1741431885452,86007.64,0.0001,True
1741431885452,86007.64,0.0001,True
1741431885452,86007.64,0.0001,True
1741431885452,86007.64,6e-05,True
1741431885452,86007.64,6e-05,True
1741431885452,86007.64,6e-05,True
1741431885452,86007.64,6e-05,True
1741431885452,86007.64,6e-05,True
1741431885452,86007.64,6e-05,True
1741431885452,86007.64,6e-05,True
1741431885452,86007.64,6e-05,True
1741431885452,86007.63,6e-05,True
1741431885452,86007.63,6e-05,True
1741431885452,86007.53,0.00013,True
1741431885452,86007.53,6e-05,True
1741431885452,86007.53,6e-05,True
1741431885452,86007.4,0.001,True
1741431885452,86007.4,6e-05,True
1741431885452,86007.4,6e-05,True
1741431885452,86006.81,6e-05,True
1741431885452,86006.81,6e-05,True
1741431885452,86005.65,0.00014,True
1741431885452,86005.65,0.00014,True
1741431885452,86005.65,0.00014,True
1741431885452,86005.65,6e-05,True
1741431885452,86002.48,0.01162,True
1741431885452,86002.48,6e-05,True
1741431885452,86001.72,6e-05,True
1741431885452,86001.7,6e-05,True
1741431885452,86001.7,6e-05,True
1741431885456,86001.68,0.003,True
1741431885456,86001.68,0.0008,True
1741431885834,86001.68,0.0002,True
1741431886180,86001.68,0.00017,True
1741431886833,86001.68,0.0002,True
1741431886971,86001.69,6e-05,False
1741431886971,86001.69,6e-05,False
1741431886971,86001.69,6e-05,False
1741431886971,86001.69,6e-05,False
1741431886971,86001.69,0.00039,False
1741431886971,86001.69,0.00014,False
1741431886971,86001.69,6e-05,False
1741431886971,86001.69,0.00084,False
1741431886971,86001.69,6e-05,False
1741431886971,86001.69,7e-05,False
1741431886971,86001.69,0.00013,False
1741431886971,86001.69,0.0001,False
1741431886971,86001.69,0.0001,False
1741431886971,86001.69,0.0001,False
1741431886971,86001.69,6e-05,False
1741431886971,86001.69,6e-05,False
1741431886971,86001.7,6e-05,False
1741431886971,86001.7,6e-05,False
1741431886971,86001.72,6e-05,False
1741431886971,86001.72,6e-05,False
1741431886971,86001.98,6e-05,False
1741431886971,86001.98,6e-05,False
1741431886971,86001.99,6e-05,False
1741431886971,86001.99,6e-05,False
1741431886971,86002.0,6e-05,False
1741431886971,86002.04,6e-05,False
1741431886971,86002.05,6e-05,False
1741431886971,86002.47,6e-05,False
1741431886971,86002.76,7e-05,False
1741431886971,86002.76,7e-05,False
1741431886971,86002.76,7e-05,False
1741431886971,86002.77,0.00042,False
1741431887611,86002.76,0.00088,True
1741431888381,86002.77,0.0001,False
1741431888381,86002.77,0.0001,False
1741431888381,86002.77,0.0001,False
1741431888381,86002.77,6e-05,False
1741431888381,86002.77,0.00086,False
1741431888381,86002.77,0.00084,False
1741431888381,86002.77,6e-05,False
1741431888381,86002.77,6e-05,False
1741431888381,86002.77,0.00013,False
1741431888381,86002.77,6e-05,False
1741431888381,86002.77,6e-05,False
1741431888381,86002.77,6e-05,False
1741431888381,86002.77,0.00058,False
1741431888381,86002.77,6e-05,False
1741431888381,86002.77,6e-05,False
1741431888381,86002.78,0.00014,False
1741431888381,86002.78,6e-05,False
1741431888381,86002.78,6e-05,False
1741431888381,86002.87,6e-05,False
1741431888381,86002.87,6e-05,False
1741431888381,86002.87,0.00013,False
1741431888381,86002.88,6e-05,False
1741431888381,86002.88,6e-05,False
1741431888381,86002.91,6e-05,False
1741431888381,86002.91,6e-05,False
1741431888381,86002.92,6e-05,False
1741431888381,86002.96,6e-05,False
1741431888381,86003.34,6e-05,False
1741431888381,86003.34,6e-05,False
1741431888381,86003.39,7e-05,False
1741431888381,86003.39,7e-05,False
1741431888381,86003.39,7e-05,False
1741431888381,86003.4,0.01162,False
1741431888381,86003.58,7e-05,False
1741431888381,86003.58,7e-05,False
1741431888381,86003.58,7e-05,False
1741431888381,86003.58,7e-05,False
1741431888381,86003.58,7e-05,False
1741431888401,86003.59,6e-05,False
1741431888401,86003.59,6e-05,False
1741431888401,86003.59,6e-05,False
1741431888401,86003.59,6e-05,False
1741431888401,86003.59,6e-05,False
1741431888401,86003.59,6e-05,False
1741431888401,86003.59,0.0001,False
1741431888401,86003.59,0.0001,False
1741431888401,86003.59,0.0001,False
1741431888401,86003.59,6e-05,False
1741431888401,86003.59,6e-05,False
1741431888401,86003.99,0.0015,False
1741431888401,86004.0,0.001,False
1741431888401,86004.2,6e-05,False
1741431888401,86004.2,6e-05,False
1741431888401,86004.2,6e-05,False
1741431888402,86005.29,0.00071,True
1741431888468,86005.3,0.01162,False
1741431888468,86005.3,6e-05,False
1741431888468,86005.3,6e-05,False
1741431888468,86005.3,0.0001,False
1741431888468,86005.3,0.0001,False
1741431888468,86005.3,6e-05,False
1741431888468,86005.3,0.0001,False
1741431888468,86005.3,6e-05,False
1741431888468,86005.3,6e-05,False
1741431888468,86005.3,6e-05,False
1741431888468,86005.3,6e-05,False
1741431888468,86005.3,6e-05,False
1741431888468,86005.3,6e-05,False
1741431888468,86005.3,6e-05,False
1741431888468,86005.4,0.00013,False
1741431888468,86005.4,6e-05,False
1741431888468,86005.4,6e-05,False
1741431888468,86005.86,6e-05,False
1741431888468,86005.86,6e-05,False
1741431888468,86005.87,6e-05,False
1741431888468,86005.87,6e-05,False
1741431888468,86005.94,6e-05,False
1741431888468,86005.94,6e-05,False
1741431888468,86005.99,7e-05,False
1741431888468,86005.99,7e-05,False
1741431888468,86005.99,6e-05,False
1741431888468,86005.99,7e-05,False
1741431888468,86006.0,0.014,False
1741431888468,86006.0,6e-05,False
1741431888468,86006.0,6e-05,False
1741431888468,86006.0,6e-05,False
1741431888468,86006.67,7e-05,False
1741431888468,86006.67,7e-05,False
1741431888468,86006.67,6e-05,False
1741431888468,86006.67,8e-05,False
1741431888468,86006.67,8e-05,False
1741431888468,86006.67,7e-05,False
1741431888543,86006.68,6e-05,False
1741431888543,86006.68,6e-05,False
1741431888543,86006.68,6e-05,False
1741431888543,86006.68,6e-05,False
1741431888543,86006.68,6e-05,False
1741431888543,86006.68,6e-05,False
1741431888543,86006.68,0.0001,False
1741431888543,86006.68,0.0001,False
1741431888543,86006.68,0.0001,False
1741431888543,86006.68,0.00014,False
1741431888543,86006.8,6e-05,False
1741431888543,86006.8,6e-05,False
1741431888543,86006.83,0.00014,False
1741431888543,86006.83,6e-05,False
1741431888543,86006.83,6e-05,False
1741431888543,86007.54,8e-05,False
1741431888543,86007.54,8e-05,False
1741431888543,86007.54,8e-05,False
1741431888543,86007.54,6e-05,False
1741431888543,86007.54,6e-05,False
1741431888543,86007.67,6e-05,False
1741431888543,86007.99,6e-05,False
1741431888543,86007.99,6e-05,False
1741431888543,86008.0,6e-05,False
1741431888543,86008.25,6e-05,False
1741431888543,86008.38,7e-05,False
1741431888543,86008.38,7e-05,False
1741431888543,86008.38,6e-05,False
1741431888543,86008.38,0.0015,False
1741431888543,86008.38,7e-05,False
1741431888616,86008.39,0.01162,False
1741431888616,86008.39,6e-05,False
1741431888616,86008.39,6e-05,False
1741431888616,86008.39,6e-05,False
1741431888616,86008.39,6e-05,False
1741431888616,86008.39,6e-05,False
1741431888616,86008.39,6e-05,False
1741431888616,86008.39,0.0001,False
1741431888616,86008.39,0.0001,False
1741431888616,86008.39,6e-05,False
1741431888616,86008.39,0.0001,False
1741431888616,86008.39,0.00506,False
1741431888616,86008.39,0.0017,False
1741431888616,86008.39,6e-05,False
1741431888616,86008.4,0.00014,False
1741431888616,86008.4,6e-05,False
1741431888616,86008.4,6e-05,False
1741431888616,86008.54,6e-05,False
1741431888616,86008.54,6e-05,False
1741431888616,86009.04,8e-05,False
1741431888616,86009.04,8e-05,False
1741431888616,86009.04,8e-05,False
1741431888616,86009.04,6e-05,False
1741431888616,86009.04,6e-05,False
1741431888616,86009.04,8e-05,False
1741431888616,86009.04,8e-05,False
1741431888616,86009.05,6e-05,False
1741431888616,86009.05,6e-05,False
1741431888616,86009.06,9e-05,False
1741431888616,86009.06,9e-05,False
1741431888616,86009.06,6e-05,False
1741431888616,86009.07,6e-05,False
1741431888616,86009.4,6e-05,False
