timestamp,price,volume,is_ask
1741812340316,83115.81,0.002,True
1741812340363,83115.81,0.013,True
1741812340784,83115.81,0.0003,True
1741812341057,83115.81,0.00278,True
1741812341751,83115.81,0.257,True
1741812343476,83115.81,0.00218,True
1741812344356,83115.81,0.03013,True
1741812344470,83115.81,8e-05,True
1741812346101,83115.81,0.00602,True
1741812346898,83115.81,0.0008,True
1741812346971,83115.81,0.03067,True
1741812347445,83115.82,0.00012,False
1741812347458,83115.82,0.00011,False
1741812347491,83115.81,0.0012,True
1741812347521,83115.81,0.00011,True
1741812347623,83115.81,0.022,True
1741812347689,83115.81,0.004,True
1741812347728,83115.82,0.00119,False
1741812347867,83115.81,0.004,True
1741812348668,83115.82,0.00069,False
1741812348671,83115.81,0.0012,True
1741812348900,83115.82,0.00649,False
1741812349056,83115.82,0.00012,False
1741812349243,83115.81,0.00788,True
1741812349378,83115.81,0.00033,True
1741812349400,83115.81,0.04,True
1741812349541,83115.81,0.00034,True
1741812349646,83115.81,0.00028,True
1741812349710,83115.81,0.002,True
1741812350096,83115.82,0.07652,False
1741812350096,83115.82,0.0002,False
1741812350096,83115.82,0.0002,False
1741812350096,83115.82,0.0002,False
1741812350096,83115.82,0.0002,False
1741812350096,83115.82,0.0009,False
1741812350096,83115.82,0.00092,False
1741812350096,83115.82,0.024,False
1741812350096,83115.82,0.00666,False
1741812350096,83115.82,0.0005,False
1741812350096,83115.82,0.00182,False
1741812350096,83115.82,0.00065,False
1741812350096,83115.82,0.00089,False
1741812350096,83115.82,0.00014,False
1741812350096,83115.82,0.01792,False
1741812350096,83115.82,8e-05,False
1741812350096,83115.82,0.00053,False
1741812350096,83115.82,7e-05,False
1741812350096,83115.82,0.00169,False
1741812350096,83115.82,0.00299,False
1741812350096,83115.82,7e-05,False
1741812350096,83115.82,0.00024,False
1741812350096,83115.82,0.0001,False
1741812350096,83115.83,0.00014,False
1741812350096,83115.83,0.00014,False
1741812350096,83115.83,0.00014,False
1741812350096,83115.87,0.0012,False
1741812350098,83117.08,7e-05,False
1741812350098,83117.08,7e-05,False
1741812350098,83117.08,9e-05,False
1741812350098,83117.08,9e-05,False
1741812350098,83117.08,7e-05,False
1741812350098,83117.09,0.09272,False
1741812350098,83117.13,0.00269,False
1741812350098,83117.13,0.0001,False
1741812350099,83117.13,0.00023,False
1741812350099,83117.13,0.0012,False
1741812350099,83118.98,7e-05,False
1741812350099,83118.98,7e-05,False
1741812350099,83118.98,7e-05,False
1741812350099,83118.99,0.01869,False
1741812350099,83118.99,0.01037,False
1741812350122,83118.99,0.02976,False
1741812350122,83118.99,0.0001,False
1741812350122,83118.99,8e-05,False
1741812350122,83118.99,0.0001,False
1741812350122,83119.04,0.10786,False
1741812350125,83119.55,0.00011,False
1741812350125,83119.55,0.00011,False
1741812350125,83119.55,0.00012,False
1741812350125,83119.55,0.00012,False
1741812350125,83119.55,0.00012,False
1741812350128,83119.66,0.00013,False
1741812350147,83119.77,0.00503,False
1741812350147,83119.77,0.0001,False
1741812350147,83119.83,7e-05,False
1741812350147,83120.0,0.00015,False
1741812350147,83120.32,0.00502,False
1741812350147,83120.66,7e-05,False
1741812350147,83121.5,7e-05,False
1741812350149,83121.87,8e-05,False
1741812350152,83122.01,0.01778,False
1741812350152,83122.33,7e-05,False
1741812350152,83122.92,0.00504,False
1741812350154,83124.81,0.00013,False
1741812350154,83125.02,0.00013,False
1741812350164,83125.65,0.0001,False
1741812350164,83125.65,3e-05,False
1741812350218,83125.65,0.00031,False
1741812350218,83125.65,6e-05,False
1741812350218,83125.65,4e-05,False
1741812350218,83125.65,0.0001,False
1741812350218,83125.65,0.00011,False
1741812350219,83125.65,2e-05,False
1741812350219,83125.65,0.0001,False
1741812350219,83125.65,0.0001,False
1741812350219,83126.34,3e-05,False
1741812350221,83126.34,0.00027,False
1741812350221,83126.49,0.00035,False
1741812350221,83126.49,0.00035,False
1741812350221,83126.49,0.00035,False
1741812350247,83126.51,0.0001,False
1741812350249,83127.5,0.00013,False
1741812350249,83128.92,0.0001,False
1741812350249,83129.94,0.00013,False
1741812350258,83130.01,0.0001,False
1741812350258,83130.01,0.00021,False
1741812350258,83130.32,0.00019,False
1741812350258,83130.32,0.00019,False
1741812350258,83130.32,0.00019,False
1741812350258,83130.33,3e-05,False
1741812350259,83130.33,0.00151,False
1741812350260,83130.33,0.00091,False
1741812350260,83130.33,0.00055,False
1741812350291,83131.85,0.00391,False
1741812350292,83131.85,0.00626,False
1741812350839,83131.85,0.01201,False
1741812350856,83131.84,0.2,True
1741812350856,83131.84,0.08923,True
1741812350856,83131.84,0.31693,True
1741812350856,83131.84,0.17994,True
1741812350856,83131.84,0.24688,True
1741812351234,83131.85,0.0001,False
1741812351234,83131.85,0.00096,False
1741812351234,83131.85,0.0009,False
1741812351234,83131.85,0.00013,False
1741812351234,83131.85,0.0001,False
1741812351234,83131.86,0.00014,False
1741812351234,83131.86,0.00014,False
1741812351234,83131.86,0.00013,False
1741812351234,83131.96,7e-05,False
1741812351234,83131.97,9e-05,False
1741812351234,83132.3,7e-05,False
1741812351236,83133.79,0.0043,False
1741812351236,83133.96,8e-05,False
1741812351239,83133.79,0.0001,False
1741812351239,83133.97,7e-05,False
1741812351239,83135.62,0.00013,False
1741812351242,83136.09,0.06157,True
1741812351242,83136.08,0.00202,True
1741812351259,83136.1,0.00037,False
1741812351262,83136.1,0.00025,False
1741812351266,83136.1,0.00025,False
1741812351286,83136.1,0.00151,False
1741812351289,83136.1,0.00091,False
1741812351294,83136.1,0.00091,False
1741812351302,83136.1,0.0005,False
1741812351333,83136.1,0.34187,False
1741812351333,83136.1,0.0001,False
1741812351333,83136.1,0.0001,False
1741812351333,83136.1,0.0001,False
1741812351333,83136.11,0.00021,False
1741812351333,83136.11,0.00013,False
1741812351333,83136.11,0.00013,False
1741812351333,83137.08,0.00034,False
1741812351333,83137.08,0.00034,False
1741812351333,83137.08,0.00034,False
1741812351333,83137.17,0.01546,False
1741812351333,83139.09,0.00033,False
1741812351333,83139.19,0.01222,False
1741812351336,83141.83,7e-05,False
1741812351339,83143.76,0.0009,False
1741812351339,83144.74,0.00013,False
1741812351339,83144.82,0.0001,False
1741812351342,83145.71,0.00152,True
1741812351356,83145.71,0.00105,True
1741812351560,83145.72,0.00013,False
1741812351560,83145.72,0.0001,False
1741812351560,83145.73,0.00048,False
1741812351560,83145.73,0.00014,False
1741812351560,83145.73,0.00014,False
1741812351560,83145.73,0.00014,False
1741812351560,83146.43,0.00013,False
1741812351560,83146.44,7e-05,False
1741812351560,83146.67,0.00061,False
1741812351560,83146.67,0.00048,False
1741812351560,83146.67,0.00048,False
1741812351560,83146.67,0.00048,False
1741812351560,83146.67,0.00071,False
1741812351560,83147.26,7e-05,False
1741812351560,83147.27,7e-05,False
1741812351560,83148.09,8e-05,False
1741812351560,83148.23,8e-05,False
1741812351560,83148.72,0.00013,False
1741812351560,83149.01,0.00666,False
1741812351560,83149.01,7e-05,False
1741812351560,83149.01,0.00367,False
1741812351560,83149.01,0.00024,False
1741812351560,83149.06,0.01139,False
1741812351560,83149.76,7e-05,False
1741812351564,83149.99,0.00128,True
1741812351685,83150.0,0.00039,False
1741812352478,83149.99,0.0004,True
1741812353229,83150.0,0.00013,False
1741812353401,83150.0,0.00017,False
1741812353401,83150.0,0.00193,False
1741812353792,83149.99,0.00098,True
1741812353975,83150.0,0.00024,False
1741812354824,83150.0,0.0871,False
1741812354824,83150.0,0.0856,False
1741812354825,83150.0,0.1126,False
1741812354825,83150.0,0.4753,False
1741812354825,83150.0,0.1199,False
1741812354825,83150.0,0.1132,False
1741812354825,83150.0,0.23696,False
1741812354825,83150.0,0.58475,False
1741812354825,83150.0,0.00013,False
1741812354825,83150.0,0.00089,False
1741812354825,83150.0,0.00095,False
1741812354825,83150.0,0.0394,False
1741812354825,83150.0,0.0001,False
1741812354825,83150.0,0.0247,False
1741812354826,83150.0,0.0753,False
1741812354826,83150.0,9e-05,False
1741812354826,83150.01,0.00021,False
1741812354826,83150.01,0.00013,False
1741812354826,83150.01,0.00013,False
1741812354826,83150.01,0.00014,False
1741812354826,83150.39,7e-05,False
1741812354826,83150.41,0.00018,False
1741812354826,83150.41,0.00018,False
1741812354826,83150.41,0.00018,False
1741812354826,83150.71,0.01493,False
1741812354826,83150.71,0.01262,False
1741812354826,83151.82,0.00106,False
1741812354826,83151.84,0.00424,False
1741812354832,83152.92,0.00032,False
1741812354832,83152.99,8e-05,False
1741812354832,83153.18,0.00219,False
1741812354836,83152.92,0.0001,False
1741812354836,83153.6,8e-05,False
1741812354836,83153.61,0.00286,False
1741812354836,83153.83,0.0003,False
1741812354836,83153.92,7e-05,False
1741812354836,83154.37,0.00014,False
1741812354843,83155.06,8e-05,False
1741812354846,83155.83,0.00011,False
1741812354846,83155.83,0.00027,False
1741812354846,83155.83,0.00027,False
1741812354846,83155.83,0.00027,False
1741812354846,83155.84,0.00296,False
1741812354846,83156.0,0.0003,False
1741812354846,83156.5,0.00021,False
1741812354863,83156.5,0.00028,True
1741812354906,83156.5,8e-05,True
1741812354969,83156.51,0.00242,False
1741812354969,83156.51,0.00502,False
1741812354969,83156.51,0.0001,False
1741812354969,83156.51,0.00033,False
1741812354971,83156.52,0.00034,False
1741812354971,83156.52,0.00014,False
1741812354971,83156.52,0.00014,False
1741812354971,83156.52,0.0001,False
1741812354971,83156.79,0.003,False
1741812354973,83157.2,0.00046,False
1741812354973,83157.2,7e-05,False
1741812354973,83157.2,7e-05,False
1741812354973,83157.2,7e-05,False
1741812354973,83157.24,0.00013,False
1741812354973,83157.25,7e-05,False
1741812354973,83157.31,8e-05,False
1741812354973,83157.31,8e-05,False
1741812355466,83157.31,0.0012,True
1741812355812,83157.31,0.00016,True
1741812356362,83157.31,0.13934,True
1741812356362,83157.31,0.15065,True
1741812356362,83157.31,0.71555,True
1741812356362,83157.31,0.08225,True
1741812356454,83157.32,0.01075,False
1741812358481,83157.31,0.00036,True
1741812358504,83157.32,0.00105,False
1741812358861,83157.31,0.01211,True
1741812358945,83157.32,0.00025,False
1741812358946,83157.32,0.00025,False
1741812358946,83157.32,0.00025,False
1741812358951,83157.32,0.00091,False
1741812358951,83157.32,0.00091,False
1741812358952,83157.32,0.00091,False
1741812358968,83157.32,0.00025,False
1741812358969,83157.32,0.00025,False
1741812358969,83157.32,0.00025,False
1741812358973,83157.32,0.00091,False
1741812359171,83157.32,0.00025,False
1741812359171,83157.32,0.00037,False
1741812359172,83157.32,0.00025,False
1741812359172,83157.32,0.00025,False
1741812359175,83157.32,0.00091,False
1741812359176,83157.32,0.00151,False
1741812359226,83157.32,0.00025,False
1741812359226,83157.32,0.00025,False
1741812359230,83157.32,0.00025,False
1741812359231,83157.32,0.00037,False
1741812359275,83157.32,0.00025,False
1741812359275,83157.32,0.00037,False
1741812359276,83157.32,0.00025,False
1741812359276,83157.32,0.00037,False
1741812359279,83157.32,0.00091,False
1741812359541,83157.32,0.00138,False
1741812359574,83157.32,0.00025,False
1741812359574,83157.32,0.00025,False
1741812359575,83157.32,0.00025,False
1741812359575,83157.32,0.00025,False
1741812359579,83157.32,0.00091,False
1741812359579,83157.32,0.00091,False
1741812359581,83157.32,0.00091,False
1741812359583,83157.32,0.00091,False
1741812359773,83157.31,0.0012,True
1741812360249,83157.32,0.00147,False
1741812360658,83157.32,0.0003,False
1741812361714,83157.32,0.13401,False
1741812361714,83157.32,0.00014,False
1741812361714,83157.32,0.09153,False
1741812361715,83157.32,0.00847,False
1741812361715,83157.32,0.0001,False
1741812361715,83157.32,9e-05,False
1741812361715,83157.32,0.0001,False
1741812361715,83157.32,0.0001,False
1741812361715,83157.32,0.0001,False
1741812361715,83157.32,0.0001,False
1741812361715,83157.32,0.36816,False
1741812361715,83157.32,0.0001,False
1741812361715,83157.32,0.0001,False
1741812361715,83157.32,0.0001,False
1741812361715,83157.33,0.00013,False
1741812361715,83157.33,0.00014,False
1741812361715,83157.33,0.00014,False
1741812361718,83158.39,0.0003,False
1741812361718,83158.91,7e-05,False
1741812361718,83159.75,0.00046,False
1741812361718,83160.0,0.00017,False
1741812361718,83160.3,0.00017,False
1741812361718,83161.14,0.0002,False
1741812361718,83161.14,0.0002,False
1741812361718,83161.14,0.0002,False
1741812361720,83161.14,0.0012,True
1741812361721,83161.15,0.00013,False
1741812361721,83161.4,7e-05,False
1741812361722,83161.71,0.0063,False
1741812361722,83162.24,7e-05,False
1741812361722,83162.46,0.00013,False
1741812361725,83161.7,7e-05,True
1741812361726,83161.71,0.0001,False
1741812361726,83162.46,1e-05,False
1741812361726,83162.46,7e-05,False
1741812361726,83162.46,7e-05,False
1741812361726,83162.46,7e-05,False
1741812361726,83162.57,8e-05,False
1741812361732,83164.01,0.0001,False
1741812361732,83165.14,0.00045,False
1741812361732,83165.14,0.00011,False
1741812361732,83165.38,0.00013,False
1741812361732,83165.61,0.02443,False
1741812362090,83164.01,0.0001,False
1741812362090,83164.01,0.0001,False
1741812362090,83164.01,0.0002,False
1741812362090,83164.01,7e-05,False
1741812362090,83164.01,7e-05,False
1741812362090,83164.01,7e-05,False
1741812362090,83164.01,0.00014,False
1741812362090,83164.02,0.00013,False
1741812362090,83164.02,0.00013,False
1741812362090,83164.02,0.00013,False
1741812362090,83164.73,7e-05,False
1741812362090,83165.6,0.00032,False
1741812362090,83165.6,0.00045,False
1741812362143,83165.61,0.00126,True
1741812362334,83165.62,0.00017,False
1741812362590,83165.62,8e-05,False
1741812362990,83165.61,0.00013,True
1741812363630,83165.61,0.00029,True
1741812364487,83165.62,8e-05,False
1741812364487,83165.62,0.00091,False
1741812364487,83165.62,0.00014,False
1741812364487,83165.62,0.00019,False
1741812364487,83165.62,0.0001,False
1741812364487,83165.62,8e-05,False
1741812364487,83165.62,8e-05,False
1741812364487,83165.62,8e-05,False
1741812364487,83165.63,0.00013,False
1741812364487,83165.63,0.00014,False
1741812364487,83165.63,0.00014,False
1741812364487,83166.39,7e-05,False
1741812364487,83167.06,0.00057,False
1741812364487,83167.15,0.00011,False
1741812364487,83167.16,0.00088,False
1741812364487,83167.16,0.00096,False
1741812364487,83167.16,0.00775,False
1741812364487,83167.16,0.00816,False
1741812364487,83167.16,0.01943,False
1741812364487,83167.22,7e-05,False
1741812364487,83168.05,0.00013,False
1741812364487,83169.45,0.0002,False
1741812364487,83169.72,7e-05,False
1741812364487,83169.92,0.00424,False
1741812364487,83170.11,0.00013,False
1741812364487,83170.27,0.00505,False
1741812364487,83170.89,0.003,False
1741812364579,83171.18,0.0001,False
1741812364579,83171.18,0.00092,False
1741812364579,83171.18,0.0009,False
1741812364579,83171.18,0.00094,False
1741812364579,83171.19,0.00028,False
1741812364579,83171.19,0.00013,False
1741812364579,83171.19,0.00014,False
1741812364579,83171.19,0.00014,False
1741812364581,83171.67,8e-05,False
1741812364612,83171.69,0.0001,False
1741812364612,83172.07,0.00033,False
1741812364612,83172.07,0.00033,False
1741812364612,83172.07,0.00033,False
1741812364612,83172.07,0.00039,False
1741812364612,83172.07,0.00117,False
1741812364612,83172.07,0.0181,False
1741812364735,83174.95,0.003,False
1741812364735,83174.95,0.00013,False
1741812364735,83174.95,0.1,False
1741812364735,83174.95,0.0001,False
1741812364735,83174.96,0.00019,False
1741812364737,83175.24,0.00014,False
1741812364737,83175.24,0.00016,False
1741812364737,83175.24,0.00016,False
1741812364737,83175.24,0.00016,False
1741812364737,83175.25,0.00015,False
1741812364737,83175.27,0.00024,False
1741812364737,83175.54,7e-05,False
1741812364737,83176.41,0.00013,False
1741812364737,83176.94,0.00016,False
1741812364737,83177.2,7e-05,False
1741812364737,83178.0,0.0002,False
1741812364737,83178.0,0.00011,False
1741812364739,83178.68,0.00013,False
1741812364739,83178.86,0.00013,False
1741812364739,83179.2,0.00013,False
1741812364739,83179.86,7e-05,False
1741812364742,83180.0,7e-05,False
1741812365310,83180.0,0.02397,False
1741812365310,83180.0,0.00016,False
1741812365310,83180.0,7e-05,False
1741812365310,83180.0,0.00025,False
1741812365310,83180.0,0.00023,False
1741812365310,83180.0,0.00023,False
1741812365310,83180.0,0.00023,False
1741812365310,83180.0,0.0001,False
1741812365310,83180.0,0.0001,False
1741812365310,83180.0,0.0001,False
1741812365310,83180.0,0.0001,False
1741812365310,83180.0,0.00011,False
1741812365310,83180.0,0.00014,False
1741812365310,83180.0,0.0001,False
1741812365310,83180.0,0.0001,False
1741812365310,83180.0,0.0001,False
1741812365310,83180.0,0.0001,False
1741812365310,83180.0,0.0001,False
1741812365310,83180.01,0.00172,False
1741812365310,83180.01,0.00014,False
1741812365310,83180.01,0.00014,False
1741812365310,83180.02,0.00013,False
1741812365310,83180.16,0.00459,False
1741812365310,83180.81,8e-05,False
1741812365310,83181.11,0.00013,False
1741812366877,83182.25,0.00033,True
1741812367100,83182.25,0.00086,True
1741812367100,83182.25,0.00036,True
1741812367688,83182.25,0.0002,True
1741812367688,83182.25,9e-05,True
1741812367701,83182.25,1e-05,True
1741812367701,83182.25,7e-05,True
1741812367701,83182.25,7e-05,True
1741812367701,83182.25,0.01237,True
1741812367870,83182.25,0.02303,True
1741812367870,83182.25,7e-05,True
1741812367870,83182.25,7e-05,True
1741812367870,83182.25,0.0129,True
1741812367876,83182.25,0.00677,True
1741812367876,83182.25,7e-05,True
1741812367876,83182.25,7e-05,True
1741812367876,83182.25,0.0001,True
1741812367876,83182.25,7e-05,True
1741812367876,83182.25,7e-05,True
1741812367876,83182.25,7e-05,True
1741812367876,83182.25,7e-05,True
1741812367876,83182.25,7e-05,True
1741812367876,83182.25,7e-05,True
1741812367876,83182.25,7e-05,True
1741812367876,83182.25,0.00101,True
1741812367876,83182.25,7e-05,True
1741812367876,83182.25,7e-05,True
1741812367876,83182.25,7e-05,True
1741812367876,83182.25,0.00303,True
1741812367876,83182.25,0.00014,True
1741812367876,83182.25,0.0001,True
1741812367876,83182.25,7e-05,True
1741812367876,83182.25,0.00284,True
1741812367876,83182.25,7e-05,True
1741812367876,83182.25,0.0001,True
1741812367876,83182.25,0.0001,True
1741812367876,83182.25,0.0001,True
1741812367876,83182.25,0.0001,True
1741812367876,83182.25,8e-05,True
1741812367878,83182.24,0.00013,True
1741812367878,83182.24,0.00013,True
1741812367878,83182.24,0.00014,True
1741812367878,83182.24,7e-05,True
1741812367878,83182.24,7e-05,True
1741812367878,83182.2,7e-05,True
1741812367878,83182.2,7e-05,True
1741812367878,83182.2,7e-05,True
1741812367878,83182.01,7e-05,True
1741812367878,83182.01,7e-05,True
1741812367878,83182.0,7e-05,True
1741812367878,83182.0,7e-05,True
1741812367878,83181.82,7e-05,True
1741812367878,83181.81,7e-05,True
1741812367878,83181.66,7e-05,True
1741812367883,83181.61,0.00054,True
1741812367891,83181.61,0.00409,True
1741812367891,83181.61,0.0001,True
1741812367891,83181.61,7e-05,True
1741812367891,83181.61,7e-05,True
1741812367891,83181.61,7e-05,True
1741812367891,83181.61,7e-05,True
1741812367891,83181.61,7e-05,True
1741812367891,83181.61,7e-05,True
1741812367898,83181.61,7e-05,True
1741812367898,83181.61,0.0001,True
1741812367898,83181.61,7e-05,True
1741812367898,83181.61,7e-05,True
1741812367903,83181.61,7e-05,True
1741812367903,83181.61,7e-05,True
1741812367903,83181.61,7e-05,True
1741812367909,83181.61,0.0001,True
1741812367909,83181.61,7e-05,True
1741812367909,83181.61,7e-05,True
1741812367909,83181.61,7e-05,True
1741812367915,83181.61,7e-05,True
1741812367915,83181.61,7e-05,True
1741812367915,83181.61,7e-05,True
1741812367915,83181.61,0.0001,True
1741812367915,83181.61,7e-05,True
1741812367915,83181.61,7e-05,True
1741812367915,83181.61,7e-05,True
1741812367915,83181.37,7e-05,True
1741812367915,83181.37,7e-05,True
1741812367915,83178.42,7e-05,True
1741812367915,83178.42,7e-05,True
1741812367915,83178.42,7e-05,True
1741812367915,83178.42,7e-05,True
1741812367915,83178.42,8e-05,True
1741812367915,83178.42,7e-05,True
1741812367915,83178.42,7e-05,True
1741812367915,83178.42,7e-05,True
1741812367920,83178.41,0.00031,True
1741812367958,83178.41,0.04,True
1741812367983,83178.41,0.00965,True
1741812367983,83178.41,7e-05,True
1741812367983,83178.41,7e-05,True
1741812367983,83178.41,0.02628,True
1741812367989,83178.41,0.01639,True
1741812367989,83178.41,0.0001,True
1741812367989,83178.41,7e-05,True
1741812367989,83178.41,7e-05,True
1741812367989,83178.41,7e-05,True
1741812367989,83178.41,7e-05,True
1741812367989,83178.41,7e-05,True
1741812367989,83178.41,7e-05,True
1741812367989,83178.41,7e-05,True
1741812367989,83178.41,7e-05,True
1741812367989,83178.41,7e-05,True
1741812367989,83178.41,7e-05,True
1741812367989,83178.41,0.0048,True
1741812367995,83178.41,0.03607,True
1741812368000,83178.41,0.00813,True
1741812368003,83178.41,7e-05,True
1741812368003,83178.41,0.0001,True
1741812368003,83178.41,7e-05,True
1741812368003,83178.41,7e-05,True
1741812368003,83178.41,7e-05,True
1741812368003,83178.41,7e-05,True
1741812368003,83178.41,7e-05,True
1741812368003,83178.41,0.05411,True
1741812368003,83178.4,0.00013,True
1741812368003,83178.4,7e-05,True
1741812368003,83178.4,7e-05,True
1741812368003,83178.4,0.00013,True
1741812368003,83178.4,0.00014,True
1741812368003,83178.38,7e-05,True
1741812368003,83178.38,7e-05,True
1741812368003,83178.38,7e-05,True
1741812368003,83178.2,8e-05,True
1741812368003,83178.2,8e-05,True
1741812368003,83178.2,8e-05,True
1741812368003,83178.2,7e-05,True
1741812368003,83178.2,7e-05,True
1741812368015,83178.19,7e-05,True
1741812368015,83178.19,7e-05,True
1741812368015,83178.19,7e-05,True
1741812368015,83178.19,7e-05,True
1741812368015,83178.19,7e-05,True
1741812368015,83178.19,7e-05,True
1741812368015,83178.19,0.0001,True
1741812368015,83178.04,7e-05,True
1741812368015,83178.04,7e-05,True
1741812368015,83177.54,7e-05,True
1741812368015,83177.54,7e-05,True
1741812368015,83177.54,7e-05,True
1741812368015,83177.54,7e-05,True
1741812368015,83177.54,7e-05,True
1741812368015,83177.53,7e-05,True
1741812368015,83177.53,7e-05,True
1741812368015,83177.21,7e-05,True
1741812368015,83177.21,7e-05,True
1741812368015,83177.21,7e-05,True
1741812368015,83174.72,7e-05,True
1741812368015,83174.72,7e-05,True
1741812368015,83174.29,0.00505,True
1741812368015,83173.89,0.00504,True
1741812368015,83173.89,7e-05,True
1741812368015,83173.78,9e-05,True
1741812368015,83173.78,0.0001,True
1741812368015,83173.78,9e-05,True
1741812368015,83173.78,7e-05,True
1741812368015,83173.49,0.01332,True
1741812368034,83173.49,0.0001,True
1741812368034,83173.49,7e-05,True
1741812368034,83173.49,7e-05,True
1741812368034,83173.49,7e-05,True
1741812368034,83173.49,7e-05,True
1741812368034,83173.49,7e-05,True
1741812368034,83173.48,0.00024,True
1741812368034,83173.48,7e-05,True
1741812368034,83173.48,7e-05,True
1741812368034,83173.47,7e-05,True
1741812368034,83173.05,7e-05,True
1741812368034,83172.81,0.00027,True
1741812368034,83172.81,0.00027,True
1741812368034,83172.81,0.00027,True
1741812368034,83172.81,7e-05,True
1741812368034,83172.81,7e-05,True
1741812368034,83172.8,7e-05,True
1741812368038,83172.79,0.00052,True
1741812368043,83172.79,0.00093,True
1741812368049,83172.79,0.00341,True
1741812368049,83172.79,7e-05,True
1741812368049,83172.79,0.0001,True
1741812368049,83172.79,7e-05,True
1741812368049,83172.79,7e-05,True
1741812368049,83172.79,7e-05,True
1741812368049,83172.79,7e-05,True
1741812368049,83172.79,7e-05,True
1741812368049,83172.79,7e-05,True
1741812368051,83172.22,7e-05,True
1741812368051,83172.22,7e-05,True
1741812368051,83172.22,0.0001,True
1741812368051,83171.88,0.00013,True
1741812368051,83171.88,7e-05,True
1741812368051,83171.88,7e-05,True
1741812368051,83171.67,0.003,True
1741812368051,83171.67,7e-05,True
1741812368051,83171.67,7e-05,True
1741812368051,83171.62,7e-05,True
1741812368051,83171.62,7e-05,True
1741812368083,83171.61,0.00505,True
1741812368083,83171.61,7e-05,True
1741812368083,83171.61,0.0001,True
1741812368083,83171.61,7e-05,True
1741812368083,83171.61,7e-05,True
1741812368083,83171.61,7e-05,True
1741812368083,83171.61,7e-05,True
1741812368083,83171.61,7e-05,True
1741812368083,83171.6,0.0001,True
1741812368083,83171.6,7e-05,True
1741812368083,83171.6,7e-05,True
1741812368083,83171.39,7e-05,True
1741812368083,83171.39,7e-05,True
1741812368083,83171.39,7e-05,True
1741812368083,83171.33,7e-05,True
1741812368083,83171.33,7e-05,True
1741812368083,83171.01,0.00091,True
1741812368083,83171.01,7e-05,True
1741812368083,83171.01,7e-05,True
1741812368083,83170.7,0.0001,True
1741812368083,83170.7,0.0001,True
1741812368083,83170.7,0.0001,True
1741812368083,83170.7,7e-05,True
1741812368083,83170.69,7e-05,True
1741812368083,83170.69,8e-05,True
1741812368083,83170.69,9e-05,True
1741812368083,83170.69,8e-05,True
1741812368083,83170.69,7e-05,True
1741812368083,83170.69,7e-05,True
1741812368083,83170.69,7e-05,True
1741812368090,83170.68,7e-05,True
1741812368090,83170.68,7e-05,True
1741812368090,83170.68,7e-05,True
1741812368090,83170.68,7e-05,True
1741812368090,83170.68,7e-05,True
1741812368090,83170.68,7e-05,True
1741812368090,83170.68,0.0001,True
1741812368090,83170.67,0.00091,True
1741812368090,83170.67,7e-05,True
1741812368090,83170.67,7e-05,True
1741812368090,83170.56,7e-05,True
1741812368090,83170.56,7e-05,True
1741812368090,83170.56,7e-05,True
1741812368090,83170.32,9e-05,True
1741812368090,83170.32,0.0001,True
1741812368090,83170.32,9e-05,True
1741812368090,83170.32,7e-05,True
1741812368090,83170.32,7e-05,True
1741812368109,83170.31,7e-05,True
1741812368109,83170.31,7e-05,True
1741812368109,83170.31,7e-05,True
1741812368109,83170.31,7e-05,True
1741812368109,83170.31,7e-05,True
1741812368109,83170.31,7e-05,True
1741812368109,83170.31,0.0001,True
1741812368109,83169.73,7e-05,True
1741812368109,83169.73,7e-05,True
1741812368109,83169.73,7e-05,True
1741812368109,83169.62,7e-05,True
1741812368109,83169.62,7e-05,True
1741812368109,83169.18,7e-05,True
1741812368109,83169.18,7e-05,True
1741812368109,83169.18,7e-05,True
1741812368109,83169.17,0.0001,True
1741812368109,83169.17,0.00011,True
1741812368109,83169.17,0.0001,True
1741812368109,83169.17,7e-05,True
1741812368109,83169.17,7e-05,True
1741812368111,83169.15,7e-05,True
1741812368111,83169.1,7e-05,True
1741812368216,83169.09,7e-05,True
1741812368216,83169.09,7e-05,True
1741812368216,83169.09,7e-05,True
1741812368216,83169.09,7e-05,True
1741812368216,83169.09,7e-05,True
1741812368216,83169.09,7e-05,True
1741812368216,83169.09,0.0001,True
1741812368216,83169.09,0.00091,True
1741812368216,83169.09,0.00091,True
1741812368216,83169.08,0.00012,True
1741812368216,83169.08,7e-05,True
1741812368216,83169.08,7e-05,True
1741812368216,83169.08,0.00014,True
1741812368216,83169.08,0.00013,True
1741812368216,83169.08,0.00014,True
1741812368216,83168.9,7e-05,True
1741812368216,83168.9,7e-05,True
1741812368216,83168.9,7e-05,True
1741812368216,83168.7,0.0001,True
1741812368216,83168.7,0.0001,True
1741812368216,83168.7,0.0001,True
1741812368216,83168.7,7e-05,True
1741812368216,83168.7,7e-05,True
1741812368216,83168.7,0.00013,True
1741812368216,83168.7,0.00014,True
1741812368216,83168.7,0.00013,True
1741812368216,83168.69,7e-05,True
1741812368216,83168.69,7e-05,True
1741812368216,83168.52,7e-05,True
1741812368216,83168.51,7e-05,True
1741812368216,83168.07,7e-05,True
1741812368216,83168.07,7e-05,True
1741812368216,83167.55,0.10825,True
1741812368216,83166.62,7e-05,True
1741812368216,83166.62,7e-05,True
1741812368216,83166.62,7e-05,True
1741812368219,83165.86,0.00016,True
1741812368219,83165.86,0.00013,True
1741812368219,83165.86,0.00013,True
1741812368219,83165.86,7e-05,True
1741812368219,83165.86,7e-05,True
1741812368429,83165.85,7e-05,True
1741812368429,83165.85,0.00046,True
1741812368761,83165.86,0.04786,False
1741812369916,83165.86,0.00142,False
1741812370462,83165.85,7e-05,True
1741812370462,83165.85,7e-05,True
1741812370462,83165.85,7e-05,True
1741812370462,83165.85,0.00014,True
1741812370462,83165.85,7e-05,True
1741812370462,83165.85,7e-05,True
1741812370462,83165.85,0.00224,True
1741812370565,83165.86,0.01514,False
1741812371015,83165.86,7e-05,False
1741812371179,83165.86,9e-05,False
1741812371519,83165.86,8e-05,False
1741812371702,83165.86,0.00024,False
1741812372499,83165.85,0.00011,True
1741812372503,83165.85,0.00095,True
1741812372555,83165.86,0.00018,False
1741812372824,83165.86,2e-05,False
1741812372824,83165.86,0.00082,False
1741812372856,83165.85,0.03006,True
1741812372879,83165.86,0.00096,False
1741812372879,83165.86,0.00243,False
1741812372883,83165.86,0.00069,False
1741812372919,83165.86,0.00243,False
1741812372955,83165.86,0.00069,False
1741812373026,83165.85,0.01,True
1741812373108,83165.85,0.00064,True
1741812373290,83165.85,0.00011,True
1741812373585,83165.86,9e-05,False
1741812373639,83165.86,0.0003,False
1741812373894,83165.85,7e-05,True
1741812373894,83165.85,0.00092,True
1741812373894,83165.85,7e-05,True
1741812373894,83165.85,7e-05,True
1741812373894,83165.85,7e-05,True
1741812373894,83165.85,0.00013,True
1741812373894,83165.85,0.00094,True
1741812373894,83165.85,0.00122,True
1741812373894,83165.85,0.00014,True
1741812373894,83165.85,0.00092,True
1741812373894,83165.85,0.00018,True
1741812373894,83165.85,7e-05,True
1741812373894,83165.85,0.00011,True
1741812373894,83165.85,7e-05,True
1741812373894,83165.85,0.0001,True
1741812373894,83165.85,0.00345,True
1741812373894,83165.84,0.00017,True
1741812373894,83165.84,0.00014,True
1741812373894,83165.84,0.00014,True
1741812373894,83165.84,0.00014,True
1741812373894,83165.84,0.0001,True
1741812373894,83165.84,7e-05,True
1741812373894,83165.84,7e-05,True
1741812373894,83165.78,7e-05,True
1741812373894,83165.78,7e-05,True
1741812373895,83165.77,7e-05,True
1741812373895,83165.77,7e-05,True
1741812373895,83165.76,7e-05,True
1741812373895,83165.76,7e-05,True
1741812373895,83165.75,7e-05,True
1741812373895,83165.75,0.00015,True
1741812373895,83165.75,0.00015,True
1741812373895,83165.75,0.00015,True
1741812373895,83165.74,7e-05,True
1741812373895,83165.62,7e-05,True
1741812373895,83164.88,0.00059,True
1741812373895,83164.74,7e-05,True
1741812373895,83164.0,0.00101,True
1741812373898,83163.91,0.0001,True
1741812373898,83163.08,7e-05,True
1741812373898,83162.65,0.00013,True
1741812373900,83162.37,7e-05,True
1741812373900,83162.37,7e-05,True
1741812373900,83162.37,0.0001,True
1741812373900,83161.41,7e-05,True
1741812373900,83160.92,7e-05,True
1741812373900,83160.92,7e-05,True
1741812374250,83160.92,0.00103,False
1741812374277,83160.91,0.00478,True
1741812375950,83160.92,7e-05,False
1741812376855,83160.91,9e-05,True
1741812377440,83160.91,0.00345,True
1741812377483,83160.91,0.0012,True
1741812377643,83160.92,0.0012,False
1741812377724,83160.91,0.00945,True
1741812377781,83160.92,0.00047,False
1741812378175,83160.91,0.00012,True
1741812378861,83160.92,0.00026,False
1741812379201,83160.91,7e-05,True
1741812379201,83160.91,7e-05,True
1741812379201,83160.91,0.00046,True
1741812379389,83160.91,0.0483,True
1741812379444,83160.92,0.001,False
1741812379444,83160.92,0.00043,False
1741812379483,83160.92,0.00602,False
1741812380157,83160.91,0.06633,True
1741812380483,83160.91,0.00827,True
1741812380584,83160.91,0.00021,True
1741812380626,83160.92,9e-05,False
1741812380664,83160.92,0.00016,False
1741812380672,83160.92,0.00049,False
1741812381001,83160.92,0.02697,False
1741812381001,83160.92,0.00303,False
1741812381001,83160.92,0.08726,False
1741812381007,83160.92,0.00013,False
1741812381007,83160.92,0.00017,False
1741812381007,83160.92,0.0001,False
1741812381007,83160.92,8e-05,False
1741812381007,83160.92,0.00211,False
1741812381007,83160.92,0.0001,False
1741812381007,83160.92,0.0001,False
1741812381007,83160.92,0.0001,False
1741812381007,83160.92,0.0001,False
1741812381007,83160.92,0.0001,False
1741812381007,83160.92,0.0001,False
1741812381007,83160.92,0.0001,False
1741812381007,83160.93,0.00014,False
1741812381007,83160.93,0.00013,False
1741812381007,83160.93,0.00013,False
1741812381009,83160.92,0.0001,False
1741812381014,83163.54,0.00503,False
1741812381014,83163.54,0.0001,False
1741812381014,83163.9,7e-05,False
1741812381014,83164.32,0.0001,False
1741812381024,83164.9,0.0001,False
1741812381024,83165.4,0.0651,False
1741812381029,83164.9,0.0001,False
1741812381276,83165.4,0.00041,False
1741812381434,83165.4,0.00014,False
1741812381434,83165.4,0.0001,False
1741812381434,83165.4,0.0001,False
1741812381434,83165.4,0.0001,False
1741812381434,83165.41,0.00013,False
1741812381434,83165.41,0.00013,False
1741812381434,83165.41,0.00013,False
1741812381434,83165.56,7e-05,False
1741812381434,83165.86,7e-05,False
1741812381434,83167.45,8e-05,False
1741812381434,83167.45,8e-05,False
1741812381434,83167.45,8e-05,False
1741812381434,83168.01,8e-05,False
1741812381434,83168.06,7e-05,False
1741812381434,83171.61,8e-05,False
1741812381682,83171.62,0.00039,False
1741812382075,83171.62,0.00013,False
1741812382075,83171.62,0.00092,False
1741812382075,83171.62,0.0001,False
1741812382075,83171.62,0.0001,False
1741812382075,83171.62,0.0001,False
1741812382075,83171.63,0.00028,False
1741812382075,83171.63,0.00014,False
1741812382075,83171.63,0.00014,False
1741812382075,83171.63,0.00014,False
1741812382075,83172.21,7e-05,False
1741812382075,83172.23,0.00023,False
1741812382075,83172.23,0.00023,False
1741812382075,83172.23,0.00023,False
1741812382108,83172.39,0.00504,False
1741812382108,83172.39,0.0001,False
1741812382108,83172.96,9e-05,False
1741812382111,83173.04,7e-05,False
1741812382111,83173.3,0.0001,False
1741812382111,83173.46,0.00013,False
1741812382111,83173.88,7e-05,False
1741812382111,83174.71,7e-05,False
1741812382124,83174.99,0.00507,False
1741812382124,83174.99,0.0001,False
1741812382124,83175.52,0.00017,False
1741812382124,83175.52,0.00017,False
1741812382124,83175.52,0.00017,False
1741812382124,83175.54,7e-05,False
1741812382125,83177.42,0.003,False
1741812382125,83178.42,8e-05,False
1741812382407,83179.2,0.00018,False
1741812382407,83179.2,6e-05,False
1741812382940,83179.2,0.00012,False
1741812382940,83179.2,1e-05,False
1741812383143,83179.2,0.00017,False
1741812383143,83179.2,0.00611,False
1741812384227,83179.19,0.00012,True
1741812384700,83179.19,0.00958,True
1741812384700,83179.19,0.01579,True
1741812385067,83179.19,0.00017,True
1741812385069,83179.2,7e-05,False
1741812385100,83179.19,0.0001,True
1741812385143,83179.19,0.003,True
1741812385487,83179.2,0.00075,False
1741812386312,83179.19,0.00601,True
1741812386787,83179.19,0.00025,True
1741812387525,83179.2,0.02007,False
1741812387525,83179.2,0.00013,False
1741812387525,83179.2,0.02513,False
1741812388428,83179.2,0.00027,False
1741812389051,83179.2,0.00024,False
1741812389205,83179.19,0.005,True
1741812389312,83179.19,0.00016,True
1741812389333,83179.2,0.00266,False
1741812389947,83179.2,0.00145,False
1741812389952,83179.2,0.00027,False
1741812391151,83179.2,0.0001,False
1741812391625,83179.2,0.00035,False
1741812391635,83179.19,7e-05,True
1741812391635,83179.19,7e-05,True
1741812391635,83179.19,0.00013,True
1741812391635,83179.19,7e-05,True
1741812391635,83179.19,7e-05,True
1741812391635,83179.19,7e-05,True
1741812391635,83179.19,0.03005,True
1741812391635,83179.19,7e-05,True
1741812391635,83179.19,0.0004,True
1741812391635,83179.19,0.00345,True
1741812391635,83179.19,0.00051,True
1741812391635,83179.19,0.00167,True
1741812391635,83179.19,0.00334,True
1741812391635,83179.19,0.00314,True
1741812391635,83179.19,0.00347,True
1741812391635,83179.19,0.0063,True
1741812391635,83179.19,0.00244,True
1741812391635,83179.19,0.00054,True
1741812391635,83179.19,0.0001,True
1741812391635,83179.18,0.00013,True
1741812391635,83179.18,0.00013,True
1741812391635,83179.18,0.00014,True
1741812391635,83179.18,7e-05,True
1741812391635,83179.18,7e-05,True
1741812391635,83179.17,7e-05,True
1741812391635,83179.17,7e-05,True
1741812391635,83179.16,7e-05,True
1741812391635,83179.16,7e-05,True
1741812391635,83179.15,7e-05,True
1741812391635,83179.15,7e-05,True
1741812391635,83179.14,7e-05,True
1741812391635,83179.13,7e-05,True
1741812391635,83179.12,7e-05,True
1741812391635,83178.87,7e-05,True
1741812391635,83178.45,0.00098,True
1741812391635,83178.04,7e-05,True
1741812391635,83176.21,0.00014,True
1741812391635,83176.21,0.00014,True
1741812391635,83176.2,0.00014,True
1741812391635,83176.12,0.0834,True
1741812391635,83175.0,7e-05,True
1741812391635,83175.0,7e-05,True
1741812391635,83175.0,8e-05,True
1741812391635,83175.0,8e-05,True
1741812391635,83175.0,7e-05,True
1741812391639,83174.98,0.00101,True
1741812391639,83174.98,7e-05,True
1741812391639,83174.98,7e-05,True
1741812391639,83174.11,0.07324,True
1741812391678,83174.11,7e-05,True
1741812391678,83174.11,7e-05,True
1741812391678,83174.11,0.0001,True
1741812391678,83174.11,0.0001,True
1741812391678,83174.11,0.0001,True
1741812391678,83174.11,0.0001,True
1741812391678,83174.11,7e-05,True
1741812391678,83174.11,7e-05,True
1741812391678,83174.11,7e-05,True
1741812391678,83174.11,7e-05,True
1741812391678,83174.11,7e-05,True
1741812391678,83174.11,0.0001,True
1741812391678,83174.11,0.0097,True
1741812391678,83174.11,7e-05,True
1741812391678,83174.11,0.00013,True
1741812391678,83174.11,7e-05,True
1741812391678,83174.11,0.027,True
1741812391678,83174.11,0.00302,True
1741812391678,83174.11,0.0001,True
1741812391678,83174.11,7e-05,True
1741812391680,83174.1,7e-05,True
1741812391680,83174.1,7e-05,True
1741812391680,83174.1,0.00014,True
1741812391680,83174.08,7e-05,True
1741812391680,83174.08,7e-05,True
1741812391680,83174.07,7e-05,True
1741812391680,83174.07,7e-05,True
1741812391680,83173.3,7e-05,True
1741812391680,83173.3,7e-05,True
1741812391696,83173.29,0.00345,True
1741812391716,83173.29,0.00162,True
1741812391716,83173.29,7e-05,True
1741812391716,83173.29,7e-05,True
1741812391716,83173.29,0.0097,True
1741812391716,83173.29,7e-05,True
1741812391716,83173.29,0.0003,True
1741812391716,83173.29,7e-05,True
1741812391716,83173.29,0.0001,True
1741812391716,83173.29,7e-05,True
1741812391716,83173.29,7e-05,True
1741812391716,83173.28,0.00013,True
1741812391716,83173.28,7e-05,True
1741812391716,83173.28,7e-05,True
1741812391716,83173.14,8e-05,True
1741812391716,83173.14,7e-05,True
1741812391716,83173.14,7e-05,True
1741812391716,83173.1,7e-05,True
1741812391716,83173.1,7e-05,True
1741812391716,83173.09,7e-05,True
1741812391716,83173.09,7e-05,True
1741812391716,83173.05,7e-05,True
1741812391716,83172.88,7e-05,True
1741812391716,83172.88,7e-05,True
1741812391716,83172.88,7e-05,True
1741812391716,83172.88,7e-05,True
1741812391716,83172.87,0.00504,True
1741812391716,83172.87,7e-05,True
1741812391716,83171.8,7e-05,True
1741812391716,83171.8,7e-05,True
1741812391716,83171.8,7e-05,True
1741812391720,83171.79,0.0001,True
1741812391720,83171.79,7e-05,True
1741812391720,83171.79,0.03652,True
1741812391720,83171.79,0.0097,True
1741812391720,83171.79,7e-05,True
1741812391720,83171.79,0.0165,True
1741812391720,83171.79,7e-05,True
1741812391720,83171.79,0.01136,True
1741812391766,83171.8,0.00069,False
1741812392442,83171.8,6e-05,False
1741812392536,83171.79,0.00491,True
1741812392536,83171.79,7e-05,True
1741812392536,83171.79,0.01926,True
1741812393588,83171.8,0.0018,False
1741812394034,83171.8,0.00072,False
1741812394806,83171.8,0.00055,False
1741812395080,83171.79,0.00016,True
1741812395254,83171.8,0.00065,False
1741812395527,83171.8,0.00063,False
1741812395931,83171.79,0.00121,True
1741812396297,83171.8,0.0003,False
1741812396390,83171.8,0.00064,False
1741812396471,83171.79,7e-05,True
1741812396544,83171.79,0.00085,True
1741812398431,83171.8,0.00188,False
1741812398547,83171.79,0.00011,True
1741812398726,83171.8,0.00013,False
1741812398730,83171.8,0.09987,False
1741812398730,83171.8,0.00013,False
1741812398730,83171.8,0.00018,False
1741812398730,83171.8,9e-05,False
1741812398730,83171.8,0.003,False
1741812398730,83171.8,0.0001,False
1741812398731,83171.81,0.00014,False
1741812398731,83171.81,0.00014,False
1741812398731,83171.81,0.00013,False
1741812398741,83174.81,0.0001,False
1741812398741,83174.82,0.00016,False
1741812398741,83175.06,0.01806,False
1741812398741,83175.14,8e-05,False
1741812398741,83175.54,7e-05,False
1741812398741,83176.16,9e-05,False
1741812398741,83176.16,9e-05,False
1741812398741,83176.16,9e-05,False
1741812398810,83176.17,0.0001,False
1741812398810,83176.17,0.027,False
1741812398810,83176.17,0.00101,False
1741812398810,83176.17,0.00302,False
1741812398810,83176.18,7e-05,False
1741812398810,83177.78,8e-05,False
1741812398810,83177.78,8e-05,False
1741812398810,83177.78,8e-05,False
1741812398810,83177.83,0.00505,False
1741812398810,83178.03,7e-05,False
1741812398810,83178.28,0.07406,False
1741812398810,83178.34,9e-05,False
1741812399215,83178.35,8e-05,False
1741812399215,83178.35,0.00013,False
1741812399215,83178.35,0.027,False
1741812399215,83178.35,0.0001,False
1741812399215,83178.35,0.0097,False
1741812399215,83178.36,0.00011,False
1741812399215,83178.36,0.00014,False
1741812399215,83178.36,0.00013,False
1741812399215,83178.36,0.00014,False
1741812399215,83179.02,9e-05,False
1741812399215,83179.2,0.00335,False
1741812399215,83179.7,7e-05,False
1741812399215,83180.12,0.003,False
1741812399215,83180.53,7e-05,False
1741812399215,83181.04,8e-05,False
1741812399876,83181.97,0.00014,False
1741812399876,83181.97,0.00021,False
1741812399876,83181.97,0.0001,False
1741812399876,83181.98,0.00018,False
1741812399876,83181.98,0.00013,False
1741812399876,83181.98,0.00013,False
1741812399876,83181.98,0.00014,False
1741812399876,83182.19,7e-05,False
1741812399876,83182.71,0.00011,False
1741812399876,83182.72,0.00025,False
1741812399876,83182.72,0.00025,False
1741812399876,83182.9,0.00015,False
1741812399876,83183.02,7e-05,False
1741812399876,83183.1,0.04087,False
1741812399876,83183.48,0.0003,False
1741812399876,83184.68,7e-05,False
1741812399876,83185.17,8e-05,False
1741812399876,83186.06,8e-05,False
1741812399876,83186.56,0.00502,False
1741812399876,83187.07,8e-05,False
1741812399880,83187.18,0.00623,True
1741812399880,83187.18,0.00135,True
1741812400783,83187.18,0.00394,True
1741812401905,83187.18,0.00633,True
1741812402007,83187.18,0.00014,True
1741812403184,83187.18,0.00013,True
1741812403477,83187.19,0.0003,False
1741812403888,83187.18,0.00079,True
1741812404157,83187.19,0.00313,False
1741812404710,83187.19,0.00013,False
1741812404710,83187.19,5e-05,False
1741812404836,83187.18,0.00011,True
1741812405226,83187.18,0.08829,True
1741812405226,83187.18,7e-05,True
1741812405226,83187.18,0.00014,True
1741812405226,83187.18,0.0002,True
1741812405226,83187.18,0.0002,True
1741812405226,83187.18,0.1811,True
1741812405293,83187.18,7e-05,True
1741812405293,83187.18,7e-05,True
1741812405293,83187.18,0.00025,True
1741812405293,83187.18,7e-05,True
1741812405293,83187.18,0.00071,True
1741812405293,83187.18,0.00025,True
1741812405293,83187.18,7e-05,True
1741812405293,83187.18,7e-05,True
1741812405293,83187.18,0.0001,True
1741812405293,83187.18,7e-05,True
1741812405293,83187.18,0.0001,True
1741812405293,83187.18,7e-05,True
1741812405293,83187.18,7e-05,True
1741812405293,83187.18,0.0001,True
1741812405293,83187.18,7e-05,True
1741812405293,83187.18,0.0001,True
1741812405293,83187.18,7e-05,True
1741812405293,83187.18,0.00076,True
1741812405294,83187.17,0.00014,True
1741812405294,83187.17,0.00013,True
1741812405294,83187.17,0.00013,True
1741812405294,83187.17,0.00164,True
1741812405294,83187.17,7e-05,True
1741812405294,83187.17,7e-05,True
1741812405294,83187.08,7e-05,True
1741812405294,83187.08,7e-05,True
1741812405294,83187.07,7e-05,True
1741812405294,83187.07,7e-05,True
1741812405294,83186.36,7e-05,True
1741812405294,83186.36,7e-05,True
1741812405294,83186.36,7e-05,True
1741812405294,83186.27,7e-05,True
1741812405294,83186.26,7e-05,True
1741812405294,83186.24,7e-05,True
1741812405296,83185.52,7e-05,True
1741812405416,83183.24,7e-05,True
1741812405416,83183.24,7e-05,True
1741812405416,83183.24,7e-05,True
1741812405416,83183.24,7e-05,True
1741812405416,83183.24,0.00014,True
1741812405416,83183.24,0.0001,True
1741812405416,83183.24,0.00304,True
1741812405416,83183.24,7e-05,True
1741812405416,83183.24,7e-05,True
1741812405416,83183.24,0.00101,True
1741812405416,83183.24,0.00092,True
1741812405416,83183.23,0.00014,True
1741812405416,83183.23,7e-05,True
1741812405416,83183.23,7e-05,True
1741812405416,83183.23,0.00014,True
1741812405416,83183.03,7e-05,True
1741812405416,83183.03,7e-05,True
1741812405416,83183.03,7e-05,True
1741812405416,83181.99,7e-05,True
1741812405416,83181.99,7e-05,True
1741812405416,83181.98,7e-05,True
1741812405416,83181.98,7e-05,True
1741812405416,83181.97,7e-05,True
1741812405416,83181.97,7e-05,True
1741812405416,83181.97,7e-05,True
1741812405416,83181.97,0.0001,True
1741812405416,83181.97,0.0001,True
1741812405416,83181.97,7e-05,True
1741812405416,83181.96,0.00515,True
1741812405416,83181.96,0.00242,True
1741812405416,83181.96,0.03159,True
1741812405416,83181.96,7e-05,True
1741812405416,83181.48,7e-05,True
1741812405416,83181.37,7e-05,True
1741812405416,83180.07,0.00502,True
1741812405416,83180.01,0.00013,True
1741812405416,83180.01,0.00013,True
1741812405416,83179.8,0.00013,True
1741812405416,83179.8,0.00013,True
1741812405416,83179.71,7e-05,True
1741812405416,83179.65,0.00502,True
1741812405416,83179.2,7e-05,True
1741812405416,83179.2,7e-05,True
1741812405416,83179.2,0.00013,True
1741812405416,83179.2,0.00016,True
1741812405416,83179.2,0.00016,True
1741812405416,83179.2,7e-05,True
1741812405420,83179.19,0.0001,True
1741812405420,83179.19,7e-05,True
1741812405420,83179.19,0.02344,True
1741812405420,83179.19,0.02664,True
1741812405420,83179.19,0.02409,True
1741812405431,83179.19,7e-05,True
1741812405431,83179.19,7e-05,True
1741812405431,83179.19,7e-05,True
1741812405431,83179.19,7e-05,True
1741812405431,83179.19,7e-05,True
1741812405431,83179.19,0.0001,True
1741812405431,83179.19,7e-05,True
1741812405431,83179.19,7e-05,True
1741812405431,83179.19,7e-05,True
1741812405431,83179.19,7e-05,True
1741812405431,83179.19,0.0001,True
1741812405431,83179.18,0.00013,True
1741812405431,83179.18,7e-05,True
1741812405431,83179.18,7e-05,True
1741812405431,83179.16,7e-05,True
1741812405431,83179.16,7e-05,True
1741812405431,83179.15,7e-05,True
1741812405431,83179.15,7e-05,True
1741812405431,83178.87,7e-05,True
1741812405431,83178.87,7e-05,True
1741812405434,83178.86,0.003,True
1741812405434,83178.86,7e-05,True
1741812405434,83178.86,0.0001,True
1741812405434,83178.64,7e-05,True
1741812405527,83178.64,0.00079,False
1741812405692,83178.63,7e-05,True
1741812405692,83178.63,0.0001,True
1741812405692,83178.63,7e-05,True
1741812405692,83178.63,7e-05,True
1741812405692,83178.63,7e-05,True
1741812405692,83178.63,7e-05,True
1741812405692,83178.63,7e-05,True
1741812405692,83178.63,0.00013,True
1741812405692,83178.62,0.00013,True
1741812405692,83178.62,7e-05,True
1741812405692,83178.62,7e-05,True
1741812405692,83178.62,0.00014,True
1741812405692,83178.62,0.00013,True
1741812405692,83178.36,7e-05,True
1741812405692,83178.36,7e-05,True
1741812405692,83178.35,7e-05,True
1741812405692,83178.35,7e-05,True
1741812405692,83178.35,8e-05,True
1741812405692,83178.35,8e-05,True
1741812405692,83178.35,7e-05,True
1741812405692,83178.35,7e-05,True
1741812405692,83178.35,7e-05,True
1741812405736,83178.34,0.04,True
1741812405737,83178.34,0.16,True
1741812405856,83178.34,0.00011,True
1741812406294,83178.35,0.01556,False
1741812406372,83178.34,0.048,True
1741812406470,83178.35,0.15721,False
1741812406470,83178.35,0.08604,False
1741812406470,83178.35,0.0693,False
1741812406470,83178.35,0.07434,False
1741812406470,83178.35,0.06965,False
1741812406470,83178.35,0.07434,False
1741812406470,83178.35,0.16753,False
1741812406470,83178.35,0.12043,False
1741812406470,83178.35,0.09439,False
1741812406688,83178.34,0.00066,True
1741812406871,83178.34,0.003,True
1741812406928,83178.35,0.00242,False
1741812407476,83178.34,0.0006,True
1741812407487,83178.34,0.0012,True
1741812407767,83178.35,0.00029,False
1741812407936,83178.35,9e-05,False
1741812408026,83178.34,0.05,True
1741812408172,83178.34,0.002,True
1741812408664,83178.34,0.043,True
1741812408784,83178.34,0.00147,True
1741812409094,83178.34,0.01014,True
1741812409378,83178.34,0.00084,True
1741812409489,83178.35,0.00027,False
1741812409658,83178.35,0.0002,False
1741812409658,83178.35,0.0001,False
1741812409658,83178.35,0.00013,False
1741812409658,83178.35,0.00656,False
1741812409658,83178.35,0.00091,False
1741812409658,83178.35,8e-05,False
1741812409658,83178.35,7e-05,False
1741812409658,83178.35,0.0006,False
1741812409658,83178.35,0.0004,False
1741812409658,83178.35,0.0001,False
1741812409658,83178.35,0.0001,False
1741812409658,83178.35,0.0001,False
1741812409658,83178.35,0.0001,False
1741812409658,83178.35,0.0001,False
1741812409658,83178.36,0.00013,False
1741812409658,83178.36,0.00013,False
1741812409658,83178.36,0.00014,False
1741812409658,83178.36,7e-05,False
1741812409658,83178.4,7e-05,False
1741812409658,83178.61,0.1,False
1741812409658,83178.61,7e-05,False
1741812409658,83178.62,7e-05,False
1741812409658,83178.63,7e-05,False
1741812409658,83178.64,7e-05,False
1741812409658,83178.85,7e-05,False
1741812409658,83178.85,9e-05,False
1741812409658,83178.86,7e-05,False
1741812409658,83179.99,7e-05,False
1741812409658,83179.99,7e-05,False
1741812409658,83180.54,7e-05,False
1741812409658,83180.54,7e-05,False
1741812409658,83180.54,7e-05,False
1741812409658,83180.55,0.07217,False
1741812409658,83182.26,0.00015,False
1741812409658,83182.64,7e-05,False
1741812409658,83182.64,7e-05,False
1741812409658,83182.64,7e-05,False
1741812409658,83182.65,7e-05,False
1741812409658,83182.65,7e-05,False
1741812409658,83182.65,7e-05,False
1741812409679,83182.65,9e-05,True
1741812409679,83182.65,3e-05,True
1741812410468,83182.65,7e-05,True
1741812414025,83182.66,0.00061,False
1741812414591,83182.66,0.00099,False
1741812415385,83182.65,7e-05,True
1741812415893,83182.65,0.0002,True
1741812416046,83182.65,0.0276,True
1741812416051,83182.65,0.0002,True
1741812416051,83182.65,7e-05,True
1741812416051,83182.65,7e-05,True
1741812416051,83182.65,7e-05,True
1741812416051,83182.65,0.00013,True
1741812416051,83182.65,7e-05,True
1741812416051,83182.65,7e-05,True
1741812416051,83182.65,0.00113,True
1741812416051,83182.65,0.0001,True
1741812416051,83182.65,0.0001,True
1741812416051,83182.65,7e-05,True
1741812416051,83182.65,0.00038,True
1741812416051,83182.65,0.00042,True
1741812416051,83182.65,0.0001,True
1741812416051,83182.65,0.0001,True
1741812416052,83182.64,0.00014,True
1741812416052,83182.64,0.00013,True
1741812416052,83182.64,0.00013,True
1741812416052,83182.64,7e-05,True
1741812416052,83182.64,7e-05,True
1741812416052,83182.64,0.00047,True
1741812416052,83182.64,0.00595,True
1741812416052,83182.64,0.00595,True
1741812416052,83182.64,0.00339,True
1741812416058,83182.64,0.00256,True
1741812416063,83182.64,7e-05,True
1741812416063,83182.64,0.0001,True
1741812416063,83182.64,7e-05,True
1741812416063,83182.64,7e-05,True
1741812416063,83182.64,7e-05,True
1741812416063,83182.64,7e-05,True
1741812416063,83182.64,7e-05,True
1741812416063,83182.64,0.00595,True
1741812416063,83182.64,0.0001,True
1741812416063,83182.64,0.00595,True
1741812416063,83182.64,0.00595,True
1741812416063,83182.64,0.00595,True
1741812416063,83182.64,0.00595,True
1741812416063,83182.64,0.00595,True
1741812416063,83182.64,0.00594,True
1741812416063,83182.63,0.00013,True
1741812416064,83182.37,7e-05,True
1741812416064,83182.37,7e-05,True
1741812416064,83182.27,7e-05,True
1741812416064,83182.27,7e-05,True
1741812416064,83182.26,7e-05,True
1741812416064,83182.26,7e-05,True
1741812416064,83182.25,7e-05,True
1741812416064,83182.25,7e-05,True
1741812416064,83182.2,7e-05,True
1741812416064,83182.2,7e-05,True
1741812416064,83182.12,7e-05,True
1741812416064,83179.65,0.00012,True
1741812416064,83179.65,7e-05,True
1741812416064,83179.04,7e-05,True
1741812416064,83179.04,7e-05,True
1741812416064,83178.66,8e-05,True
1741812416064,83178.66,8e-05,True
1741812416064,83178.47,0.00521,True
1741812416065,83178.47,0.04655,True
1741812416065,83178.35,7e-05,True
1741812416065,83178.35,7e-05,True
1741812416377,83178.34,0.0002,True
1741812416506,83178.35,0.01813,False
1741812416728,83178.35,0.00121,False
1741812416878,83178.34,0.0002,True
1741812417806,83178.34,0.00103,True
1741812417880,83178.34,0.0002,True
1741812418118,83178.34,0.08,True
1741812418118,83178.34,0.16,True
1741812418143,83178.34,0.08,True
1741812418143,83178.34,0.16,True
1741812418143,83178.34,0.091,True
1741812418143,83178.34,0.12548,True
1741812418143,83178.34,0.00444,True
1741812418143,83178.34,0.0048,True
1741812418143,83178.34,7e-05,True
1741812418143,83178.34,7e-05,True
1741812418143,83178.34,7e-05,True
1741812418143,83178.34,7e-05,True
1741812418143,83178.34,7e-05,True
1741812418143,83178.34,7e-05,True
1741812418143,83178.34,0.00014,True
1741812418143,83178.34,0.00345,True
1741812418143,83178.34,0.0001,True
1741812418143,83178.34,0.00022,True
1741812418143,83178.34,0.00048,True
1741812418143,83178.34,0.0001,True
1741812418143,83178.34,0.00444,True
1741812418143,83178.34,0.0048,True
1741812418143,83178.34,0.00444,True
1741812418143,83178.34,0.0048,True
1741812418143,83178.34,0.00189,True
1741812418146,83178.34,0.0006,True
1741812418150,83178.34,0.00195,True
1741812418150,83178.34,0.0048,True
1741812418150,83178.34,0.0001,True
1741812418150,83178.34,7e-05,True
1741812418150,83178.34,7e-05,True
1741812418150,83178.34,7e-05,True
1741812418150,83178.34,7e-05,True
1741812418150,83178.34,7e-05,True
1741812418150,83178.34,7e-05,True
1741812418150,83178.34,0.00084,True
1741812418153,83178.34,0.0036,True
1741812418153,83178.34,0.0048,True
1741812418153,83178.34,0.0001,True
1741812418153,83178.34,0.00444,True
1741812418153,83178.34,0.0048,True
1741812418153,83178.34,0.00298,True
1741812418153,83178.34,0.0048,True
1741812418153,83178.34,0.0048,True
1741812418153,83178.34,0.0048,True
1741812418153,83178.34,0.00475,True
1741812418153,83178.33,7e-05,True
1741812418153,83178.33,7e-05,True
1741812418153,83178.33,7e-05,True
1741812418153,83178.33,0.00014,True
1741812418153,83178.33,0.00014,True
1741812418153,83178.33,0.00014,True
1741812418153,83178.04,7e-05,True
1741812418153,83178.04,7e-05,True
1741812418153,83178.04,7e-05,True
1741812418153,83177.83,7e-05,True
1741812418153,83177.83,7e-05,True
1741812418153,83177.82,7e-05,True
1741812418153,83177.82,7e-05,True
1741812418153,83177.62,8e-05,True
1741812418153,83177.62,7e-05,True
1741812418153,83177.61,7e-05,True
1741812418153,83177.21,7e-05,True
1741812418153,83177.21,7e-05,True
1741812418153,83176.6,8e-05,True
1741812418153,83175.37,7e-05,True
1741812418153,83175.37,7e-05,True
1741812418153,83175.37,7e-05,True
1741812418153,83175.36,0.02736,True
1741812418153,83175.36,0.08204,True
1741812418153,83174.72,7e-05,True
1741812418153,83174.48,0.00019,True
1741812418153,83174.48,0.00019,True
1741812418153,83174.33,0.003,True
1741812418153,83173.47,0.00013,True
1741812418153,83173.33,7e-05,True
1741812418153,83173.33,7e-05,True
1741812418153,83173.33,7e-05,True
1741812418153,83173.32,0.07417,True
1741812418154,83173.32,0.04608,True
1741812418154,83172.64,0.00503,True
1741812418154,83172.39,0.0009,True
1741812418154,83172.36,0.00092,True
1741812418154,83171.93,0.00503,True
1741812418154,83171.8,0.02204,True
1741812418154,83171.8,0.00489,True
1741812418154,83171.79,0.00156,True
1741812418154,83171.7,0.00082,True
1741812418156,83171.7,0.00218,True
1741812418156,83171.59,0.00013,True
1741812418156,83171.39,7e-05,True
1741812418168,83170.84,7e-05,True
1741812418168,83170.84,7e-05,True
1741812418168,83170.84,7e-05,True
1741812418168,83170.84,0.0001,True
1741812418168,83170.84,7e-05,True
1741812418168,83170.84,7e-05,True
1741812418168,83170.84,7e-05,True
1741812418168,83170.83,0.00038,True
1741812418168,83170.83,7e-05,True
1741812418168,83170.83,7e-05,True
1741812418168,83170.7,0.0006,True
1741812418168,83170.7,7e-05,True
1741812418168,83170.7,7e-05,True
1741812418168,83170.56,7e-05,True
1741812418168,83170.56,7e-05,True
1741812418168,83170.56,7e-05,True
1741812418168,83170.39,7e-05,True
1741812418168,83170.39,7e-05,True
1741812418168,83170.39,0.00036,True
1741812418168,83170.39,7e-05,True
1741812418168,83170.39,7e-05,True
1741812418168,83170.39,0.00021,True
1741812418168,83170.39,0.00021,True
1741812418168,83170.39,7e-05,True
1741812418168,83170.38,0.00652,True
1741812418168,83170.38,7e-05,True
1741812418168,83169.97,7e-05,True
1741812418168,83169.97,7e-05,True
1741812418168,83169.97,7e-05,True
1741812418168,83169.97,7e-05,True
1741812418168,83169.96,0.00995,True
1741812418168,83169.96,7e-05,True
1741812418171,83167.99,0.07472,True
1741812418176,83167.99,0.0001,True
1741812418176,83167.99,7e-05,True
1741812418176,83167.99,7e-05,True
1741812418176,83167.99,7e-05,True
1741812418176,83167.99,7e-05,True
1741812418176,83167.99,7e-05,True
1741812418176,83167.99,7e-05,True
1741812418176,83167.99,0.027,True
1741812418176,83167.98,0.00014,True
1741812418176,83167.97,0.00013,True
1741812418176,83167.97,7e-05,True
1741812418176,83167.97,7e-05,True
1741812418176,83167.61,0.00101,True
1741812418176,83167.61,7e-05,True
1741812418176,83167.61,7e-05,True
1741812418250,83167.42,0.00015,True
1741812418250,83167.42,7e-05,True
1741812418250,83167.42,0.00015,True
1741812418250,83167.42,0.00015,True
1741812418250,83167.42,7e-05,True
1741812418250,83167.42,7e-05,True
1741812418250,83167.42,7e-05,True
1741812418250,83167.42,7e-05,True
1741812418250,83167.42,7e-05,True
1741812418250,83167.42,7e-05,True
1741812418250,83167.42,7e-05,True
1741812418250,83167.42,9e-05,True
1741812418250,83167.42,9e-05,True
1741812418250,83167.42,0.0001,True
1741812418250,83167.42,7e-05,True
1741812418252,83167.41,7e-05,True
1741812418252,83167.41,7e-05,True
1741812418252,83167.41,0.00014,True
1741812418252,83167.41,0.0001,True
1741812418252,83167.27,7e-05,True
1741812418252,83167.27,7e-05,True
1741812418381,83167.26,0.0002,True
1741812418660,83167.26,0.00345,True
1741812418684,83167.27,8e-05,False
1741812418704,83167.26,0.0063,True
1741812418704,83167.26,7e-05,True
1741812418704,83167.26,0.0001,True
1741812418704,83167.26,7e-05,True
1741812418704,83167.26,7e-05,True
1741812418704,83167.26,7e-05,True
1741812418704,83167.26,7e-05,True
1741812418704,83167.26,7e-05,True
1741812418704,83167.26,0.00014,True
1741812418704,83167.25,0.00013,True
1741812418704,83167.25,7e-05,True
1741812418704,83167.25,7e-05,True
1741812418704,83167.25,0.00014,True
1741812418704,83167.25,0.00014,True
1741812418704,83167.23,7e-05,True
1741812418704,83167.23,7e-05,True
1741812418704,83167.23,7e-05,True
1741812418704,83167.07,7e-05,True
1741812418704,83167.07,7e-05,True
1741812418704,83167.07,7e-05,True
1741812418704,83167.07,7e-05,True
1741812418704,83167.07,7e-05,True
1741812418704,83167.06,0.01129,True
1741812418704,83167.06,7e-05,True
1741812418704,83167.06,7e-05,True
1741812418704,83166.72,7e-05,True
1741812418704,83166.44,7e-05,True
1741812418704,83166.4,7e-05,True
1741812418704,83166.4,7e-05,True
1741812418704,83165.86,8e-05,True
1741812418704,83165.74,8e-05,True
1741812418704,83165.47,9e-05,True
1741812418704,83165.47,9e-05,True
1741812418704,83165.47,9e-05,True
1741812418704,83164.74,7e-05,True
1741812418704,83163.28,9e-05,True
1741812418704,83163.28,9e-05,True
1741812418704,83163.27,7e-05,True
1741812418704,83163.27,7e-05,True
1741812418704,83163.27,7e-05,True
1741812418704,83163.26,0.00995,True
1741812418704,83163.24,7e-05,True
1741812418704,83163.11,0.0001,True
1741812418704,83162.65,0.00013,True
1741812418704,83162.62,7e-05,True
1741812418704,83162.62,7e-05,True
1741812418704,83162.62,7e-05,True
1741812418704,83162.61,0.00726,True
1741812418704,83161.86,0.00095,True
1741812418704,83161.7,0.003,True
1741812418704,83161.41,7e-05,True
1741812418704,83161.41,7e-05,True
1741812418704,83161.41,0.00011,True
1741812418704,83161.41,0.00011,True
1741812418704,83161.41,7e-05,True
1741812418704,83161.4,0.10368,True
1741812418707,83161.4,7e-05,True
1741812418710,83161.4,7e-05,True
1741812418710,83161.4,7e-05,True
1741812418710,83161.4,0.0001,True
1741812418710,83161.4,7e-05,True
1741812418710,83161.4,7e-05,True
1741812418710,83161.4,7e-05,True
1741812418710,83161.4,7e-05,True
1741812418710,83161.39,0.00033,True
1741812418710,83161.24,0.00013,True
1741812418710,83161.24,7e-05,True
1741812418710,83161.24,7e-05,True
1741812418710,83161.02,0.00013,True
1741812418710,83161.02,0.00013,True
1741812418710,83161.02,7e-05,True
1741812418710,83161.02,7e-05,True
1741812418710,83161.02,0.00023,True
1741812418710,83161.02,0.00023,True
1741812418882,83161.01,7e-05,True
1741812418882,83161.01,7e-05,True
1741812418882,83161.01,6e-05,True
1741812419252,83161.02,0.025,False
1741812419649,83161.01,0.00013,True
1741812419649,83161.01,7e-05,True
1741812419649,83161.01,7e-05,True
1741812419649,83161.01,7e-05,True
1741812419649,83161.01,7e-05,True
1741812419649,83161.01,7e-05,True
1741812419649,83161.01,0.00035,True
1741812419649,83161.01,7e-05,True
1741812419649,83161.01,0.0001,True
1741812419649,83161.0,0.00013,True
1741812419649,83161.0,0.00013,True
1741812419649,83161.0,0.00013,True
1741812419649,83161.0,7e-05,True
1741812419649,83161.0,7e-05,True
1741812419649,83160.76,7e-05,True
1741812419649,83160.76,7e-05,True
1741812419649,83160.76,0.00024,True
1741812419649,83160.75,7e-05,True
1741812419649,83160.75,7e-05,True
1741812419649,83160.74,7e-05,True
1741812419649,83160.74,7e-05,True
1741812419649,83160.58,7e-05,True
1741812419649,83160.58,7e-05,True
1741812419649,83160.4,7e-05,True
1741812419649,83160.39,7e-05,True
1741812419649,83160.39,0.0001,True
1741812419649,83160.39,0.0001,True
1741812419649,83160.38,7e-05,True
1741812419649,83160.38,7e-05,True
1741812419649,83160.38,0.00013,True
1741812419649,83160.38,0.00013,True
1741812419649,83160.38,7e-05,True
1741812419649,83160.37,0.00376,True
1741812419883,83160.37,0.0002,True
1741812420049,83160.38,0.00016,False
1741812420070,83160.37,0.04,True
1741812420070,83160.37,0.0379,True
1741812420070,83160.37,7e-05,True
1741812420070,83160.37,7e-05,True
1741812420070,83160.37,7e-05,True
1741812420070,83160.37,7e-05,True
1741812420070,83160.37,7e-05,True
1741812420070,83160.37,0.00014,True
1741812420070,83160.37,7e-05,True
1741812420070,83160.36,0.00014,True
1741812420070,83160.36,7e-05,True
1741812420070,83160.36,7e-05,True
1741812420070,83160.36,0.00013,True
1741812420070,83160.36,0.00014,True
1741812420070,83160.0,0.00206,True
1741812420070,83160.0,7e-05,True
1741812420070,83160.0,7e-05,True
1741812420070,83159.75,7e-05,True
1741812420070,83159.75,7e-05,True
1741812420070,83159.75,7e-05,True
1741812420070,83158.39,0.00012,True
1741812420070,83158.39,7e-05,True
1741812420070,83158.39,7e-05,True
1741812420070,83158.38,7e-05,True
1741812420070,83158.38,7e-05,True
1741812420070,83158.38,0.00013,True
1741812420070,83158.38,0.00013,True
1741812420070,83158.38,7e-05,True
1741812420070,83158.38,7e-05,True
1741812420070,83158.37,0.00652,True
1741812420070,83158.37,7e-05,True
1741812420070,83158.34,7e-05,True
1741812420070,83158.09,7e-05,True
1741812420070,83157.97,7e-05,True
1741812420070,83157.97,7e-05,True
1741812420070,83157.97,7e-05,True
1741812420070,83157.96,0.00995,True
1741812420070,83157.31,0.0006,True
1741812420070,83157.25,0.00013,True
1741812420070,83157.12,0.00131,True
1741812420070,83156.65,0.00124,True
1741812420070,83156.52,7e-05,True
1741812420070,83156.43,7e-05,True
1741812420070,83156.14,0.0001,True
1741812420070,83154.49,0.00026,True
1741812420070,83154.48,7e-05,True
1741812420070,83154.48,7e-05,True
1741812420070,83154.48,7e-05,True
1741812420070,83154.47,0.00995,True
1741812420070,83154.25,0.00019,True
1741812420070,83154.24,0.00013,True
1741812420070,83154.15,0.0001,True
1741812420070,83154.15,0.0001,True
1741812420070,83153.97,0.00544,True
1741812420070,83153.63,0.00013,True
1741812420070,83153.38,0.00086,True
1741812420070,83153.38,0.00214,True
1741812420070,83152.87,0.0003,True
1741812420070,83152.79,0.0001,True
1741812420070,83152.44,0.00011,True
1741812420070,83152.44,7e-05,True
1741812420070,83152.44,9e-05,True
1741812420070,83152.44,7e-05,True
1741812420070,83152.44,7e-05,True
1741812420070,83152.43,0.07705,True
1741812420070,83152.43,0.04,True
1741812420078,83152.43,7e-05,True
1741812420078,83152.43,7e-05,True
1741812420078,83152.43,7e-05,True
1741812420078,83152.43,0.0001,True
1741812420078,83152.43,7e-05,True
1741812420078,83152.43,7e-05,True
1741812420078,83152.43,7e-05,True
1741812420078,83152.43,7e-05,True
1741812420078,83152.43,0.027,True
1741812420078,83152.42,0.00045,True
1741812420078,83152.13,0.00031,True
1741812420078,83152.13,0.00031,True
1741812420078,83152.13,0.00031,True
1741812420096,83152.12,0.0043,True
1741812420096,83152.12,7e-05,True
1741812420096,83152.12,7e-05,True
1741812420096,83152.12,0.0001,True
1741812420096,83152.12,7e-05,True
1741812420096,83152.12,7e-05,True
1741812420096,83152.12,7e-05,True
1741812420096,83152.12,7e-05,True
1741812420096,83151.84,7e-05,True
1741812420096,83151.84,7e-05,True
1741812420096,83151.42,7e-05,True
1741812420096,83151.42,7e-05,True
1741812420096,83151.42,7e-05,True
1741812420096,83151.41,8e-05,True
1741812420096,83151.41,8e-05,True
1741812420096,83151.41,7e-05,True
1741812420096,83151.41,7e-05,True
1741812420099,83151.26,8e-05,True
1741812420099,83151.26,7e-05,True
1741812420099,83151.26,7e-05,True
1741812420099,83151.17,0.00013,True
1741812420099,83151.17,7e-05,True
1741812420099,83151.1,0.00096,True
1741812420099,83151.1,7e-05,True
1741812420099,83150.75,0.00091,True
1741812420099,83150.75,7e-05,True
1741812420127,83150.26,0.00841,True
1741812420127,83150.26,7e-05,True
1741812420127,83150.26,7e-05,True
1741812420127,83150.26,7e-05,True
1741812420127,83150.26,0.0001,True
1741812420127,83150.26,7e-05,True
1741812420127,83150.26,7e-05,True
1741812420127,83150.26,7e-05,True
1741812420127,83150.23,0.00011,True
1741812420127,83150.23,7e-05,True
1741812420127,83150.23,7e-05,True
1741812420127,83150.01,0.00011,True
1741812420127,83150.01,0.00011,True
1741812420127,83150.01,0.00011,True
1741812420127,83150.01,0.00019,True
1741812420127,83150.01,7e-05,True
1741812420127,83150.01,7e-05,True
1741812420383,83150.0,7e-05,True
1741812420383,83150.0,7e-05,True
1741812420383,83150.0,6e-05,True
1741812420487,83150.0,4e-05,True
1741812420487,83150.0,7e-05,True
1741812420487,83150.0,7e-05,True
1741812420487,83150.0,7e-05,True
1741812420487,83150.0,7e-05,True
1741812420487,83150.0,0.00014,True
1741812420487,83150.0,7e-05,True
1741812420487,83150.0,7e-05,True
1741812420487,83150.0,7e-05,True
1741812420489,83149.99,0.00249,True
1741812420489,83149.99,0.00013,True
1741812420489,83149.99,0.00013,True
1741812420489,83149.99,0.00014,True
1741812420489,83149.99,7e-05,True
1741812420489,83149.99,7e-05,True
1741812420489,83149.77,7e-05,True
1741812420489,83149.77,7e-05,True
1741812420489,83149.77,7e-05,True
1741812420489,83149.18,7e-05,True
1741812420489,83149.18,7e-05,True
1741812420516,83149.17,0.00995,True
1741812420516,83149.17,7e-05,True
1741812420516,83149.17,0.0001,True
1741812420516,83149.17,7e-05,True
1741812420516,83149.17,7e-05,True
1741812420516,83149.17,7e-05,True
1741812420516,83149.17,7e-05,True
1741812420516,83149.17,7e-05,True
1741812420516,83149.16,0.00013,True
1741812420516,83149.16,7e-05,True
1741812420516,83149.16,7e-05,True
1741812420516,83149.02,7e-05,True
1741812420516,83149.02,7e-05,True
1741812420516,83149.02,7e-05,True
1741812420516,83149.02,7e-05,True
1741812420516,83149.02,7e-05,True
1741812420516,83149.02,7e-05,True
1741812420516,83149.02,7e-05,True
1741812420520,83149.01,7e-05,True
1741812420520,83149.01,7e-05,True
1741812420520,83149.01,0.0001,True
1741812420520,83149.01,7e-05,True
1741812420520,83149.01,7e-05,True
1741812420520,83149.01,7e-05,True
1741812420520,83149.01,7e-05,True
1741812420559,83149.01,0.02332,False
1741812420903,83149.0,0.02017,True
1741812421541,83149.01,0.0001,False
1741812422471,83149.0,8e-05,True
1741812422940,83149.01,0.00013,False
1741812422940,83149.01,0.00065,False
1741812423230,83149.01,0.0004,False
1741812424568,83149.01,0.0001,False
1741812424568,83149.01,7e-05,False
1741812424568,83149.01,8e-05,False
1741812425143,83149.0,0.00723,True
1741812425420,83149.0,0.006,True
1741812425575,83149.01,5e-05,False
1741812425575,83149.01,0.018,False
1741812425852,83149.0,0.00014,True
1741812425940,83149.0,0.00077,True
1741812426490,83149.01,0.03416,False
1741812426588,83149.01,0.0002,False
1741812426588,83149.01,0.0002,False
1741812426588,83149.01,0.00189,False
1741812426588,83149.01,0.00163,False
1741812426588,83149.01,0.00025,False
1741812426874,83149.0,0.02606,True
1741812427183,83149.01,0.00014,False
1741812427406,83149.0,0.0002,True
1741812428658,83149.0,9e-05,True
1741812428877,83149.01,8e-05,False
1741812428877,83149.01,3e-05,False
1741812430401,83149.01,4e-05,False
1741812430401,83149.01,0.0001,False
1741812430707,83149.01,0.00044,False
1741812430758,83149.0,0.00082,True
1741812430993,83149.0,0.00937,True
1741812431001,83149.0,0.03607,True
1741812431007,83149.0,0.0294,True
1741812431201,83149.0,0.03607,True
1741812431209,83149.0,0.03607,True
1741812431214,83149.0,0.00719,True
1741812431220,83149.0,0.0172,True
1741812431276,83149.0,0.0024,True
1741812431281,83149.0,0.03607,True
1741812431286,83149.0,0.02067,True
1741812431291,83149.0,0.00953,True
1741812431296,83149.0,0.00592,True
1741812431301,83149.0,0.02058,True
1741812431306,83149.0,0.00592,True
1741812431330,83149.0,0.00081,True
1741812431427,83149.0,0.0002,True
1741812432138,83149.0,0.002,True
1741812432653,83149.0,0.002,True
1741812432984,83149.0,0.002,True
1741812433493,83149.0,0.001,True
1741812433584,83149.0,0.00224,True
1741812433605,83149.0,0.0002,True
1741812433711,83149.0,0.006,True
1741812433831,83149.01,9e-05,False
1741812434324,83149.0,0.00134,True
1741812434501,83149.0,0.002,True
1741812434536,83149.0,0.02922,True
1741812434672,83149.01,0.00172,False
1741812434717,83149.01,0.11101,False
1741812434717,83149.01,0.027,False
1741812434717,83149.01,0.0165,False
1741812434717,83149.01,0.00131,False
1741812434737,83149.01,0.00026,False
1741812435232,83149.0,0.048,True
1741812435677,83149.01,0.00013,False
1741812435677,83149.01,0.00014,False
1741812435677,83149.01,0.1,False
1741812435677,83149.01,7e-05,False
1741812435677,83149.01,7e-05,False
1741812435677,83149.01,0.14063,False
1741812435677,83149.01,0.00241,False
1741812435677,83149.01,0.00027,False
1741812435677,83149.01,0.0001,False
1741812435677,83149.02,0.00013,False
1741812435677,83149.02,0.00013,False
1741812435677,83149.02,0.00014,False
1741812435677,83149.02,7e-05,False
1741812435677,83149.03,7e-05,False
1741812435678,83149.11,7e-05,False
1741812435678,83149.12,7e-05,False
1741812435678,83149.14,7e-05,False
1741812435678,83149.17,7e-05,False
1741812435678,83149.17,7e-05,False
1741812435678,83149.17,7e-05,False
1741812435678,83149.17,7e-05,False
1741812435678,83149.18,0.00101,False
1741812435678,83149.18,0.00303,False
1741812435678,83149.18,7e-05,False
1741812435679,83150.82,7e-05,False
1741812435679,83150.82,7e-05,False
1741812435679,83150.82,7e-05,False
1741812435679,83150.82,7e-05,False
1741812435679,83150.83,0.00506,False
1741812435679,83150.83,7e-05,False
1741812435679,83151.43,7e-05,False
1741812435679,83151.43,7e-05,False
1741812435679,83151.43,7e-05,False
1741812435679,83151.44,0.00505,False
1741812435679,83152.28,7e-05,False
1741812435679,83152.28,7e-05,False
1741812435679,83152.28,7e-05,False
1741812435679,83152.29,0.01786,False
1741812435679,83152.68,0.00503,False
1741812435682,83152.68,7e-05,False
1741812435682,83154.07,0.0002,False
1741812435682,83155.06,8e-05,False
1741812435717,83155.24,0.0001,False
1741812435717,83155.24,7e-05,False
1741812435717,83155.25,0.00025,False
1741812435717,83155.25,7e-05,False
1741812435717,83155.25,0.00013,False
1741812435719,83155.58,7e-05,False
1741812435719,83155.58,0.0001,False
1741812435719,83155.95,7e-05,False
1741812435719,83155.96,0.00029,False
1741812435719,83155.96,0.00029,False
1741812435719,83155.96,9e-05,False
1741812435719,83155.96,7e-05,False
1741812435721,83156.42,7e-05,False
1741812435721,83158.32,7e-05,False
1741812435722,83158.33,0.003,False
1741812435722,83158.33,7e-05,False
1741812435725,83159.08,0.0009,False
1741812435725,83159.08,7e-05,False
1741812435725,83159.73,0.00011,False
1741812435725,83159.73,7e-05,False
1741812435933,83159.73,0.07357,True
1741812435933,83159.73,0.05284,True
1741812435933,83159.73,0.05066,True
1741812435933,83159.73,0.11336,True
1741812435933,83159.73,0.0001,True
1741812435933,83159.73,0.45,True
1741812435933,83159.73,0.17994,True
1741812435933,83159.73,0.1376,True
1741812436008,83159.73,0.00109,True
1741812436192,83159.73,0.0012,True
1741812436371,83159.74,7e-05,False
1741812436371,83159.74,0.0001,False
1741812436371,83159.74,0.01571,False
1741812436492,83159.74,0.00014,False
1741812436492,83159.74,0.0001,False
1741812436492,83159.74,7e-05,False
1741812436492,83159.74,9e-05,False
1741812436492,83159.75,0.00022,False
1741812436492,83159.75,7e-05,False
1741812436492,83159.75,0.00014,False
1741812436492,83159.75,0.00014,False
1741812436492,83159.75,0.00014,False
1741812436494,83159.83,7e-05,False
1741812436494,83159.83,0.0001,False
1741812436494,83160.09,7e-05,False
1741812436494,83160.1,7e-05,False
1741812436494,83160.1,0.00021,False
1741812436494,83160.1,0.00021,False
1741812436494,83160.1,0.00021,False
1741812436494,83160.11,7e-05,False
1741812436494,83160.38,7e-05,False
1741812436494,83160.44,8e-05,False
1741812436494,83160.57,7e-05,False
1741812436494,83160.57,7e-05,False
1741812436800,83160.58,0.00601,True
1741812437057,83160.58,0.0001,True
1741812437073,83160.58,7e-05,True
1741812437073,83160.58,7e-05,True
1741812437073,83160.58,7e-05,True
1741812437073,83160.58,7e-05,True
1741812437073,83160.58,7e-05,True
1741812437073,83160.58,7e-05,True
1741812437073,83160.58,0.0001,True
1741812437073,83160.58,0.0001,True
1741812437073,83160.58,0.0001,True
1741812437073,83160.58,7e-05,True
1741812437073,83160.58,7e-05,True
1741812437073,83160.58,7e-05,True
1741812437073,83160.58,7e-05,True
1741812437073,83160.58,7e-05,True
1741812437073,83160.58,7e-05,True
1741812437073,83160.58,7e-05,True
1741812437073,83160.58,7e-05,True
1741812437073,83160.58,7e-05,True
1741812437073,83160.58,7e-05,True
1741812437073,83160.58,7e-05,True
1741812437073,83160.58,0.00013,True
1741812437073,83160.58,0.0001,True
1741812437073,83160.58,7e-05,True
1741812437073,83160.58,7e-05,True
1741812437073,83160.58,0.0001,True
1741812437073,83160.58,7e-05,True
1741812437073,83160.58,0.00051,True
1741812437073,83160.58,7e-05,True
1741812437073,83160.58,0.0001,True
1741812437073,83160.58,0.0001,True
1741812437073,83160.58,0.0001,True
1741812437073,83160.58,7e-05,True
1741812437073,83160.58,0.00077,True
1741812437488,83160.58,0.0012,True
1741812437608,83160.59,7e-05,False
1741812437608,83160.59,0.00198,False
1741812437620,83160.58,0.0018,True
1741812437915,83160.58,7e-05,True
1741812437915,83160.58,7e-05,True
1741812437915,83160.58,7e-05,True
1741812437915,83160.58,7e-05,True
1741812437915,83160.58,7e-05,True
1741812437915,83160.58,7e-05,True
1741812437915,83160.58,0.00014,True
1741812437915,83160.58,0.00073,True
1741812437915,83160.58,0.0001,True
1741812437915,83160.58,0.03006,True
1741812437915,83160.58,0.0001,True
1741812437915,83160.57,0.00013,True
1741812437915,83160.57,0.00014,True
1741812437915,83160.57,0.00013,True
1741812437915,83160.57,7e-05,True
1741812437915,83160.57,7e-05,True
1741812437915,83160.03,7e-05,True
1741812437915,83160.03,7e-05,True
1741812437915,83160.02,7e-05,True
1741812437915,83160.02,7e-05,True
1741812437915,83160.01,7e-05,True
1741812437915,83160.01,7e-05,True
1741812437915,83159.87,7e-05,True
1741812437915,83159.86,7e-05,True
1741812437915,83159.85,7e-05,True
1741812437915,83159.75,7e-05,True
1741812437915,83157.55,8e-05,True
1741812437915,83157.55,9e-05,True
1741812437915,83157.55,0.0001,True
1741812437915,83156.43,7e-05,True
1741812437915,83156.03,7e-05,True
1741812437915,83156.03,7e-05,True
1741812437915,83156.03,7e-05,True
1741812437915,83156.02,0.0044,True
1741812437915,83156.01,0.0002,True
1741812437915,83156.01,0.0002,True
1741812437915,83156.01,0.0002,True
1741812437915,83154.82,7e-05,True
1741812437915,83154.82,7e-05,True
1741812437915,83154.82,8e-05,True
1741812437915,83154.82,8e-05,True
1741812437915,83154.82,9e-05,True
1741812437915,83154.82,7e-05,True
1741812437922,83154.81,7e-05,True
1741812437922,83154.81,7e-05,True
1741812437922,83154.81,6e-05,True
1741812437923,83154.81,7e-05,True
1741812437923,83154.81,7e-05,True
1741812437923,83154.81,0.0001,True
1741812437923,83154.81,7e-05,True
1741812437923,83154.81,7e-05,True
1741812437923,83154.81,7e-05,True
1741812437923,83154.8,0.00024,True
1741812437923,83154.8,7e-05,True
1741812437923,83154.8,7e-05,True
1741812437923,83154.76,7e-05,True
1741812437923,83154.76,7e-05,True
1741812437923,83154.76,7e-05,True
1741812437923,83154.24,7e-05,True
1741812437923,83154.24,7e-05,True
1741812437923,83154.08,0.0001,True
1741812437923,83154.08,9e-05,True
1741812437923,83154.08,9e-05,True
1741812437923,83154.08,7e-05,True
1741812437923,83154.08,9e-05,True
1741812437923,83154.08,7e-05,True
1741812437923,83154.08,9e-05,True
1741812437923,83154.08,9e-05,True
1741812437925,83154.07,7e-05,True
1741812437925,83154.07,0.0001,True
1741812437925,83153.68,8e-05,True
1741812437925,83153.68,7e-05,True
1741812437925,83152.37,0.00013,True
1741812437925,83152.37,0.00014,True
1741812437925,83152.37,0.00013,True
1741812437925,83152.37,7e-05,True
1741812437925,83152.37,0.07397,True
1741812437930,83152.37,7e-05,True
1741812437930,83152.37,0.0001,True
1741812437930,83152.37,7e-05,True
1741812437930,83152.37,0.02144,True
1741812437930,83152.37,7e-05,True
1741812437930,83152.37,7e-05,True
1741812437930,83152.37,7e-05,True
1741812437930,83152.37,7e-05,True
1741812437930,83152.37,0.02124,True
1741812437930,83152.37,0.00012,True
1741812437945,83152.36,7e-05,True
1741812437945,83152.36,7e-05,True
1741812437945,83152.36,7e-05,True
1741812437945,83152.36,7e-05,True
1741812437945,83152.36,0.027,True
1741812437945,83152.36,0.00013,True
1741812437945,83152.36,0.0001,True
1741812437945,83152.36,7e-05,True
1741812437945,83152.36,0.0165,True
1741812437945,83152.36,7e-05,True
1741812437945,83151.84,7e-05,True
1741812437945,83151.84,7e-05,True
1741812437945,83151.42,0.00014,True
1741812437945,83151.42,7e-05,True
1741812437945,83151.42,7e-05,True
1741812437945,83151.42,7e-05,True
1741812437945,83151.42,7e-05,True
1741812437945,83151.42,7e-05,True
1741812437945,83151.41,0.003,True
1741812437945,83151.41,7e-05,True
1741812437945,83151.41,7e-05,True
1741812437945,83150.77,0.17885,True
1741812437976,83150.77,7e-05,True
1741812437976,83150.77,7e-05,True
1741812437976,83150.77,0.0001,True
1741812437976,83150.77,7e-05,True
1741812437976,83150.77,7e-05,True
1741812437976,83150.77,7e-05,True
1741812437976,83150.77,7e-05,True
1741812437976,83150.77,0.00392,True
1741812437979,83150.77,0.0001,True
1741812437979,83150.77,7e-05,True
1741812437979,83150.77,7e-05,True
1741812437979,83150.77,7e-05,True
1741812437979,83150.77,7e-05,True
1741812437979,83150.77,7e-05,True
1741812437979,83150.77,7e-05,True
1741812437979,83150.76,7e-05,True
1741812437979,83150.76,7e-05,True
1741812437979,83150.76,8e-05,True
1741812437979,83150.76,0.00013,True
1741812437979,83150.76,0.00013,True
1741812438016,83150.75,7e-05,True
1741812438016,83150.75,7e-05,True
1741812438016,83150.75,7e-05,True
1741812438016,83150.75,7e-05,True
1741812438016,83150.75,7e-05,True
1741812438016,83150.75,0.0001,True
1741812438016,83150.75,0.00301,True
1741812438016,83150.75,7e-05,True
1741812438016,83150.74,7e-05,True
1741812438016,83150.74,7e-05,True
1741812438016,83150.37,7e-05,True
1741812438016,83150.37,7e-05,True
1741812438016,83150.37,7e-05,True
1741812438016,83150.37,7e-05,True
1741812438016,83150.37,7e-05,True
1741812438016,83150.36,0.00506,True
1741812438016,83150.36,7e-05,True
1741812438016,83150.36,7e-05,True
1741812438016,83150.21,7e-05,True
1741812438016,83150.21,7e-05,True
1741812438016,83150.2,7e-05,True
1741812438016,83150.19,7e-05,True
1741812438016,83149.81,7e-05,True
1741812438016,83149.81,7e-05,True
1741812438016,83149.81,7e-05,True
1741812438016,83149.81,7e-05,True
1741812438018,83149.8,0.00022,True
1741812438018,83149.8,0.00022,True
1741812438018,83149.8,8e-05,True
1741812438018,83149.8,7e-05,True
1741812438018,83149.8,0.0012,True
1741812438018,83149.58,0.0009,True
1741812438018,83149.39,0.0009,True
1741812438018,83149.39,7e-05,True
1741812438018,83149.01,0.0711,True
1741812438022,83149.39,7e-05,True
1741812438022,83149.39,0.0001,True
1741812438022,83149.39,0.0012,True
1741812438022,83149.39,7e-05,True
1741812438022,83149.39,7e-05,True
1741812438022,83149.39,7e-05,True
1741812438022,83149.39,7e-05,True
1741812438022,83149.39,7e-05,True
1741812438727,83149.02,0.01241,False
1741812439298,83149.02,0.01269,False
1741812439581,83149.02,7e-05,False
1741812439603,83149.02,9e-05,False
1741812440232,83149.01,7e-05,True
1741812440232,83149.01,7e-05,True
1741812440232,83149.01,7e-05,True
1741812440232,83149.01,7e-05,True
1741812440232,83149.01,0.0001,True
1741812440232,83149.01,0.00041,True
1741812440531,83149.02,0.003,False
1741812440593,83149.01,0.00106,True
1741812440972,83149.01,7e-05,True
1741812440972,83149.01,9e-05,True
1741812440972,83149.01,0.00013,True
1741812440972,83149.01,0.0001,True
1741812440972,83149.01,0.0001,True
1741812440972,83149.01,0.00011,True
1741812440972,83149.01,7e-05,True
1741812440972,83149.01,7e-05,True
1741812440972,83149.01,7e-05,True
1741812440972,83149.01,0.0001,True
1741812440972,83149.01,7e-05,True
1741812440972,83149.01,7e-05,True
1741812440972,83149.01,0.00026,True
1741812440972,83149.01,0.00041,True
1741812441121,83149.0,0.16,True
1741812441121,83149.0,0.08,True
1741812441130,83149.01,0.00012,False
1741812441585,83149.01,0.00026,False
1741812441644,83149.0,0.0429,True
1741812441647,83149.0,0.08,True
1741812441647,83149.0,0.04,True
1741812441648,83149.0,0.04,True
1741812441649,83149.0,0.04,True
1741812441649,83149.0,0.049,True
1741812441653,83149.0,0.007,True
1741812441653,83149.0,0.007,True
1741812441653,83149.0,0.007,True
1741812441656,83149.0,0.0269,True
1741812441656,83149.0,0.07851,True
1741812441656,83149.0,0.04325,True
1741812441656,83149.0,7e-05,True
1741812441656,83149.0,0.003,True
1741812441656,83149.0,7e-05,True
1741812441656,83149.0,7e-05,True
1741812441656,83149.0,7e-05,True
1741812441656,83149.0,0.0001,True
1741812441656,83149.0,0.00013,True
1741812441656,83149.0,7e-05,True
1741812441656,83149.0,7e-05,True
1741812441658,83148.99,0.00014,True
1741812441658,83148.99,7e-05,True
1741812441658,83148.99,7e-05,True
1741812441658,83148.99,0.00013,True
1741812441658,83148.99,0.00014,True
1741812441658,83148.94,7e-05,True
1741812441658,83148.94,7e-05,True
1741812441658,83148.94,7e-05,True
1741812441658,83148.78,7e-05,True
1741812441658,83148.78,7e-05,True
1741812441658,83148.77,7e-05,True
1741812441658,83148.77,7e-05,True
1741812441658,83148.76,7e-05,True
1741812441658,83148.75,7e-05,True
1741812441658,83147.98,7e-05,True
1741812441672,83146.43,0.00928,True
1741812441672,83146.43,0.0001,True
1741812441672,83146.43,7e-05,True
1741812441672,83146.43,7e-05,True
1741812441672,83146.43,7e-05,True
1741812441672,83146.43,7e-05,True
1741812441672,83146.43,7e-05,True
1741812441672,83146.43,7e-05,True
1741812441672,83146.42,0.00013,True
1741812441672,83146.42,7e-05,True
1741812441672,83146.42,7e-05,True
1741812441672,83145.84,0.0004,True
1741812441672,83145.84,7e-05,True
1741812441672,83145.84,7e-05,True
1741812441672,83145.77,0.00023,True
1741812441672,83145.77,9e-05,True
1741812441672,83145.77,7e-05,True
1741812441672,83145.77,7e-05,True
1741812441672,83145.27,7e-05,True
1741812441672,83145.27,7e-05,True
1741812441672,83145.26,7e-05,True
1741812441672,83145.26,7e-05,True
1741812441672,83145.26,7e-05,True
1741812441672,83145.26,8e-05,True
1741812441672,83145.26,7e-05,True
1741812441672,83145.26,7e-05,True
1741812441672,83145.26,7e-05,True
1741812441672,83145.25,0.03005,True
1741812441672,83145.25,7e-05,True
1741812441672,83144.14,0.00028,True
1741812441672,83144.14,0.00028,True
1741812441672,83144.14,0.00028,True
1741812441672,83144.14,7e-05,True
1741812441672,83144.01,0.00018,True
1741812441672,83143.99,0.00503,True
1741812441672,83143.19,0.00504,True
1741812441672,83142.95,8e-05,True
1741812441672,83142.54,0.00013,True
1741812441674,83142.3,7e-05,True
1741812441677,83142.05,7e-05,True
1741812441706,83142.05,0.00586,True
1741812441706,83142.05,0.0001,True
1741812441706,83142.05,7e-05,True
1741812441706,83142.05,7e-05,True
1741812441706,83142.05,7e-05,True
1741812441706,83142.05,7e-05,True
1741812441706,83142.05,7e-05,True
1741812441706,83142.05,7e-05,True
1741812441706,83142.05,7e-05,True
1741812441706,83142.05,7e-05,True
1741812441706,83142.05,7e-05,True
1741812441706,83142.05,0.00014,True
1741812441706,83142.05,0.00145,True
1741812441706,83142.04,0.00022,True
1741812441706,83142.04,7e-05,True
1741812441706,83142.04,7e-05,True
1741812441706,83142.01,7e-05,True
1741812441706,83142.01,7e-05,True
1741812441706,83142.01,7e-05,True
1741812441706,83142.01,7e-05,True
1741812441706,83142.01,7e-05,True
1741812441706,83142.0,0.02405,True
1741812441706,83142.0,7e-05,True
1741812441706,83142.0,7e-05,True
1741812441706,83141.7,7e-05,True
1741812441706,83141.7,0.00012,True
1741812441706,83141.7,0.00012,True
1741812441706,83141.7,0.00018,True
1741812441706,83141.7,0.00012,True
1741812441706,83141.7,7e-05,True
1741812441707,83141.69,7e-05,True
1741812441931,83141.68,0.0002,True
1741812442137,83141.69,0.00016,False
1741812442612,83141.69,0.00068,False
1741812442932,83141.68,0.0002,True
1741812443050,83141.69,7e-05,False
1741812443153,83141.68,0.04,True
1741812443153,83141.68,0.16,True
1741812443226,83141.68,0.00034,True
1741812443433,83141.68,0.0002,True
1741812443584,83141.68,0.02,True
1741812443673,83141.68,0.011,True
1741812443771,83141.68,0.069,True
1741812443771,83141.68,0.061,True
1741812443817,83141.68,0.02165,True
1741812443869,83141.68,0.00034,True
1741812443869,83141.69,0.00066,False
1741812444092,83141.68,0.05,True
1741812444145,83141.68,0.006,True
1741812444264,83141.69,0.00153,False
1741812444382,83141.68,0.003,True
1741812444540,83141.68,0.53336,True
1741812444553,83141.68,0.0093,True
1741812444564,83141.68,0.04,True
1741812444568,83141.68,0.00794,True
1741812444578,83141.68,0.0134,True
1741812444589,83141.68,0.00224,True
1741812444593,83141.68,0.00223,True
1741812444620,83141.68,0.0004,True
1741812444706,83141.69,0.00774,False
1741812444723,83141.68,0.06018,True
1741812444735,83141.68,0.02,True
1741812444803,83141.68,0.03607,True
1741812444807,83141.68,0.0218,True
1741812444816,83141.68,0.01367,True
1741812444823,83141.68,0.01367,True
1741812444829,83141.68,0.01367,True
1741812444837,83141.68,0.01367,True
1741812444848,83141.68,0.01367,True
1741812444853,83141.68,0.01367,True
1741812444858,83141.68,0.01367,True
1741812444874,83141.68,0.01367,True
1741812444882,83141.68,0.01367,True
1741812444888,83141.68,0.01367,True
1741812444896,83141.68,0.01367,True
1741812444902,83141.68,0.01367,True
1741812444906,83141.68,0.01439,True
1741812444912,83141.68,0.01439,True
1741812444915,83141.68,0.01651,True
1741812444915,83141.68,7e-05,True
1741812444915,83141.68,7e-05,True
1741812444915,83141.68,7e-05,True
1741812444915,83141.68,7e-05,True
1741812444915,83141.68,0.00013,True
1741812444915,83141.68,7e-05,True
1741812444915,83141.68,7e-05,True
1741812444915,83141.68,0.0001,True
1741812444915,83141.68,0.0001,True
1741812444915,83141.67,0.00014,True
1741812444915,83141.67,7e-05,True
1741812444915,83141.67,7e-05,True
1741812444915,83141.67,0.00014,True
1741812444915,83141.67,0.00013,True
1741812444915,83141.46,7e-05,True
1741812444915,83141.46,7e-05,True
1741812444915,83141.46,7e-05,True
1741812444915,83141.34,7e-05,True
1741812444915,83141.34,7e-05,True
1741812444915,83141.33,7e-05,True
1741812444915,83141.33,7e-05,True
1741812444915,83141.32,7e-05,True
1741812444915,83141.31,7e-05,True
1741812444915,83140.63,7e-05,True
1741812444915,83140.63,7e-05,True
1741812444915,83137.52,0.00021,True
1741812444915,83137.52,0.00021,True
1741812444915,83137.52,0.00021,True
1741812444915,83137.52,0.00024,True
1741812444915,83137.52,7e-05,True
1741812444915,83137.52,7e-05,True
1741812444915,83137.52,7e-05,True
1741812444918,83137.51,0.01439,True
1741812445221,83137.51,7e-05,True
1741812445221,83137.51,7e-05,True
1741812445221,83137.51,7e-05,True
1741812445221,83137.51,7e-05,True
1741812445221,83137.51,7e-05,True
1741812445221,83137.51,7e-05,True
1741812445221,83137.51,0.0001,True
1741812445221,83137.51,7e-05,True
1741812445221,83137.51,7e-05,True
1741812445221,83137.51,7e-05,True
1741812445221,83137.51,0.00014,True
1741812445221,83137.5,0.00022,True
1741812445221,83137.5,7e-05,True
1741812445221,83137.5,7e-05,True
1741812445221,83137.5,0.00014,True
1741812445221,83137.5,0.00013,True
1741812445221,83137.5,0.00014,True
1741812445221,83137.43,7e-05,True
1741812445221,83137.43,7e-05,True
1741812445222,83136.82,0.0019,True
1741812445222,83136.82,7e-05,True
1741812445222,83136.82,7e-05,True
1741812445222,83136.81,7e-05,True
1741812445222,83136.81,7e-05,True
1741812445226,83136.81,0.00108,False
1741812445250,83136.8,0.00836,True
1741812445250,83136.8,7e-05,True
1741812445250,83136.8,7e-05,True
1741812445250,83136.8,0.0001,True
1741812445250,83136.8,7e-05,True
1741812445250,83136.8,7e-05,True
1741812445250,83136.8,7e-05,True
1741812445250,83136.8,7e-05,True
1741812445250,83136.44,7e-05,True
1741812445250,83136.44,7e-05,True
1741812445250,83136.43,7e-05,True
1741812445250,83136.43,7e-05,True
1741812445250,83136.22,7e-05,True
1741812445250,83136.22,7e-05,True
1741812445250,83136.22,7e-05,True
1741812445250,83136.22,7e-05,True
1741812445250,83136.22,7e-05,True
1741812445250,83136.21,7e-05,True
1741812445250,83136.21,7e-05,True
1741812445250,83136.21,7e-05,True
1741812445250,83136.21,7e-05,True
1741812445250,83136.21,7e-05,True
1741812445250,83136.2,0.00582,True
1741812445250,83136.2,7e-05,True
1741812445250,83136.06,0.003,True
1741812445250,83136.06,7e-05,True
1741812445250,83135.63,8e-05,True
1741812445250,83135.63,7e-05,True
1741812445250,83134.93,8e-05,True
1741812445250,83134.07,0.00424,True
1741812445250,83133.49,7e-05,True
1741812445250,83133.49,7e-05,True
1741812445250,83133.49,7e-05,True
1741812445250,83133.48,0.00836,True
1741812445250,83133.32,0.00014,True
1741812445250,83133.32,0.00013,True
1741812445250,83133.32,0.00013,True
1741812445250,83133.32,7e-05,True
1741812445250,83133.32,7e-05,True
1741812445250,83133.32,7e-05,True
1741812445315,83133.31,7e-05,True
1741812445315,83133.31,7e-05,True
1741812445315,83133.31,0.0001,True
1741812445315,83133.31,7e-05,True
1741812445315,83133.31,7e-05,True
1741812445315,83133.31,7e-05,True
1741812445315,83133.31,7e-05,True
1741812445315,83133.31,0.00014,True
1741812445315,83133.3,0.00021,True
1741812445315,83133.3,7e-05,True
1741812445315,83133.3,7e-05,True
1741812445315,83133.0,0.00021,True
1741812445315,83133.0,7e-05,True
1741812445315,83133.0,7e-05,True
1741812445315,83132.99,7e-05,True
1741812445315,83132.99,8e-05,True
1741812445315,83132.99,7e-05,True
1741812445315,83132.99,7e-05,True
1741812445315,83132.99,7e-05,True
1741812445315,83132.99,0.00016,True
1741812445315,83132.99,0.00016,True
1741812445315,83132.99,0.00016,True
1741812445315,83132.98,7e-05,True
1741812445315,83132.98,7e-05,True
1741812445315,83132.43,7e-05,True
1741812445315,83132.43,7e-05,True
1741812445315,83132.43,7e-05,True
1741812445315,83132.43,7e-05,True
1741812445318,83132.42,7e-05,True
1741812445440,83132.41,0.0002,True
1741812445485,83132.41,0.00562,True
1741812445485,83132.41,7e-05,True
1741812445485,83132.41,7e-05,True
1741812445485,83132.41,7e-05,True
1741812445485,83132.41,7e-05,True
1741812445485,83132.41,7e-05,True
1741812445485,83132.41,7e-05,True
1741812445485,83132.41,0.0001,True
1741812445485,83132.4,0.00013,True
1741812445485,83132.4,7e-05,True
1741812445485,83132.4,7e-05,True
1741812445485,83132.4,0.00014,True
1741812445485,83132.4,0.00013,True
1741812445485,83132.01,7e-05,True
1741812445485,83132.01,7e-05,True
1741812445485,83131.84,0.0024,True
1741812445485,83131.84,7e-05,True
1741812445485,83131.84,7e-05,True
1741812445485,83130.86,8e-05,True
1741812445485,83130.86,7e-05,True
1741812445485,83130.86,7e-05,True
1741812445487,83130.65,7e-05,True
1741812445487,83130.23,0.00013,True
1741812445487,83130.23,7e-05,True
1741812445487,83130.1,7e-05,True
1741812445488,83130.09,0.01552,True
1741812445531,83130.09,7e-05,True
1741812445531,83130.09,7e-05,True
1741812445531,83130.09,7e-05,True
1741812445531,83130.09,7e-05,True
1741812445531,83130.09,0.0001,True
1741812445531,83130.09,7e-05,True
1741812445531,83130.09,7e-05,True
1741812445531,83130.09,7e-05,True
1741812445531,83130.09,7e-05,True
1741812445531,83130.09,7e-05,True
1741812445531,83130.09,7e-05,True
1741812445531,83130.09,7e-05,True
1741812445531,83130.09,7e-05,True
1741812445531,83130.08,0.00016,True
1741812445531,83130.08,7e-05,True
1741812445531,83130.08,7e-05,True
1741812445531,83130.03,9e-05,True
1741812445531,83130.03,0.00015,True
1741812445531,83130.03,0.00015,True
1741812445531,83130.03,0.00015,True
1741812445531,83130.03,7e-05,True
1741812445531,83130.03,7e-05,True
1741812445532,83129.76,0.00045,True
1741812445532,83129.76,0.00015,True
1741812445532,83129.76,7e-05,True
1741812445532,83129.76,7e-05,True
1741812445736,83129.75,0.01789,True
1741812445736,83129.75,7e-05,True
1741812445736,83129.75,0.0001,True
1741812445736,83129.75,7e-05,True
1741812445736,83129.75,7e-05,True
1741812445736,83129.75,7e-05,True
1741812445736,83129.75,7e-05,True
1741812445736,83129.75,7e-05,True
1741812445738,83129.74,0.00014,True
1741812445738,83129.74,7e-05,True
1741812445738,83129.74,7e-05,True
1741812445738,83129.74,0.00014,True
1741812445738,83129.74,0.00014,True
1741812445738,83129.61,7e-05,True
1741812445738,83129.61,7e-05,True
1741812445778,83129.6,0.00017,True
1741812445815,83129.6,0.0144,True
1741812445815,83129.6,7e-05,True
1741812445815,83129.6,7e-05,True
1741812445815,83129.6,0.0001,True
1741812445815,83129.6,7e-05,True
1741812445815,83129.6,7e-05,True
1741812445815,83129.6,7e-05,True
1741812445815,83129.6,7e-05,True
1741812445815,83129.6,0.00013,True
1741812445815,83129.6,7e-05,True
1741812445815,83129.6,7e-05,True
1741812445815,83129.59,0.00014,True
1741812445815,83129.59,7e-05,True
1741812445815,83129.59,7e-05,True
1741812445815,83129.59,0.00014,True
1741812445815,83129.59,0.00014,True
1741812445815,83128.89,7e-05,True
1741812445815,83128.89,7e-05,True
1741812445815,83128.86,7e-05,True
1741812445815,83128.86,7e-05,True
1741812445815,83128.86,7e-05,True
1741812445815,83128.86,7e-05,True
1741812445815,83128.86,7e-05,True
1741812445815,83128.85,0.01678,True
1741812445815,83128.85,7e-05,True
1741812445815,83128.85,7e-05,True
1741812445815,83128.64,7e-05,True
1741812445815,83128.64,7e-05,True
1741812445815,83128.64,7e-05,True
1741812445815,83128.64,7e-05,True
1741812445815,83128.63,0.00836,True
1741812445815,83128.63,7e-05,True
1741812445815,83127.32,7e-05,True
1741812445815,83127.32,7e-05,True
1741812445815,83127.32,7e-05,True
1741812445815,83127.32,7e-05,True
1741812445815,83127.31,0.01139,True
1741812445815,83126.5,7e-05,True
1741812445815,83126.5,7e-05,True
1741812445815,83126.5,7e-05,True
1741812445941,83126.49,0.0002,True
1741812446011,83126.5,0.00083,False
1741812446014,83126.49,0.0001,True
1741812446014,83126.49,7e-05,True
1741812446014,83126.49,7e-05,True
1741812446014,83126.49,7e-05,True
1741812446014,83126.49,7e-05,True
1741812446014,83126.49,7e-05,True
1741812446014,83126.49,7e-05,True
1741812446014,83126.49,0.00014,True
1741812446014,83126.48,0.00018,True
1741812446014,83126.48,7e-05,True
1741812446014,83126.48,7e-05,True
1741812446014,83126.48,0.00014,True
1741812446014,83126.48,0.00014,True
1741812446014,83126.48,0.00013,True
1741812446014,83126.32,0.00018,True
1741812446014,83126.32,0.00018,True
1741812446014,83126.32,0.00018,True
1741812446014,83126.32,0.00028,True
1741812446014,83126.32,7e-05,True
1741812446014,83126.32,7e-05,True
1741812446121,83126.32,0.00029,False
1741812446157,83126.31,0.01457,True
1741812446157,83126.31,7e-05,True
1741812446157,83126.31,7e-05,True
1741812446157,83126.31,0.0001,True
1741812446157,83126.31,7e-05,True
1741812446157,83126.31,7e-05,True
1741812446157,83126.31,7e-05,True
1741812446157,83126.31,7e-05,True
1741812446157,83126.31,0.00014,True
1741812446157,83126.09,8e-05,True
1741812446157,83126.09,7e-05,True
1741812446157,83126.09,7e-05,True
1741812446157,83126.09,7e-05,True
1741812446157,83126.09,7e-05,True
1741812446157,83126.09,6e-05,True
1741812446208,83126.09,0.0001,False
1741812446315,83126.08,0.01789,True
1741812446315,83126.08,7e-05,True
1741812446315,83126.08,7e-05,True
1741812446315,83126.08,7e-05,True
1741812446315,83126.08,7e-05,True
1741812446315,83126.08,7e-05,True
1741812446315,83126.08,0.0001,True
1741812446315,83126.08,7e-05,True
1741812446315,83126.07,0.00013,True
1741812446315,83126.07,7e-05,True
1741812446315,83126.07,7e-05,True
1741812446315,83126.07,0.00014,True
1741812446315,83126.07,0.00014,True
1741812446315,83125.72,0.00013,True
1741812446315,83125.72,7e-05,True
1741812446315,83125.72,7e-05,True
1741812446315,83125.15,7e-05,True
1741812446315,83125.15,7e-05,True
1741812446315,83125.15,7e-05,True
