timestamp,price,volume,is_ask
1741633891648,77636.18,0.00014,True
1741633891648,77636.18,7e-05,True
1741633891648,77636.18,0.0001,True
1741633891648,77636.18,7e-05,True
1741633891648,77636.18,7e-05,True
1741633891648,77636.18,7e-05,True
1741633891648,77636.18,7e-05,True
1741633891648,77636.18,0.00016,True
1741633891648,77636.18,0.00016,True
1741633891648,77636.18,0.00016,True
1741633891648,77636.18,0.00019,True
1741633891649,77636.18,0.00036,True
1741633891651,77636.18,2e-05,True
1741633891651,77636.18,0.00018,True
1741633891652,77636.18,0.00063,True
1741633891782,77636.19,0.00442,False
1741633891791,77636.19,0.01458,False
1741633891791,77636.19,0.007,False
1741633891877,77636.18,0.01396,True
1741633891884,77636.19,0.00013,False
1741633891939,77636.19,0.0009,False
1741633891986,77636.18,0.00423,True
1741633891986,77636.18,0.01024,True
1741633892182,77636.18,0.0002,True
1741633892232,77636.18,0.0001,True
1741633892232,77636.18,7e-05,True
1741633892232,77636.18,0.00013,True
1741633892232,77636.18,7e-05,True
1741633892232,77636.18,7e-05,True
1741633892232,77636.18,7e-05,True
1741633892232,77636.18,7e-05,True
1741633892232,77636.18,7e-05,True
1741633892232,77636.18,0.0001,True
1741633892232,77636.18,0.0001,True
1741633892232,77636.18,0.00053,True
1741633892232,77636.17,0.00019,True
1741633892232,77636.17,7e-05,True
1741633892232,77636.17,0.00014,True
1741633892232,77636.17,0.00013,True
1741633892232,77636.17,0.00014,True
1741633892232,77636.17,7e-05,True
1741633892232,77636.17,0.00052,True
1741633892232,77636.16,7e-05,True
1741633892232,77636.16,7e-05,True
1741633892232,77636.0,7e-05,True
1741633892232,77636.0,7e-05,True
1741633892232,77635.81,7e-05,True
1741633892232,77635.81,7e-05,True
1741633892232,77635.81,7e-05,True
1741633892232,77635.6,7e-05,True
1741633892232,77635.53,7e-05,True
1741633892232,77635.19,7e-05,True
1741633892232,77635.03,7e-05,True
1741633892232,77634.19,0.00013,True
1741633892232,77633.99,8e-05,True
1741633892232,77633.51,7e-05,True
1741633892232,77633.51,7e-05,True
1741633892232,77633.51,7e-05,True
1741633892232,77633.5,0.003,True
1741633892232,77633.48,7e-05,True
1741633892232,77632.46,7e-05,True
1741633892232,77632.46,7e-05,True
1741633892232,77632.46,7e-05,True
1741633892232,77632.46,7e-05,True
1741633892232,77632.46,0.00018,True
1741633892232,77632.46,0.00018,True
1741633892232,77632.46,0.00018,True
1741633892232,77632.46,7e-05,True
1741633892232,77632.45,0.01382,True
1741633892235,77632.46,0.00599,False
1741633892235,77632.45,8e-05,True
1741633892258,77632.45,0.0261,True
1741633892258,77632.45,0.0001,True
1741633892258,77632.45,0.0001,True
1741633892258,77632.45,0.0001,True
1741633892258,77632.45,7e-05,True
1741633892258,77632.45,7e-05,True
1741633892258,77632.45,7e-05,True
1741633892258,77632.45,7e-05,True
1741633892258,77632.45,7e-05,True
1741633892258,77632.45,7e-05,True
1741633892258,77632.45,0.00276,True
1741633892258,77632.45,7e-05,True
1741633892258,77632.45,7e-05,True
1741633892258,77632.45,7e-05,True
1741633892258,77632.44,0.00052,True
1741633892258,77632.44,0.00019,True
1741633892258,77632.44,7e-05,True
1741633892258,77632.44,7e-05,True
1741633892258,77632.37,7e-05,True
1741633892258,77632.37,7e-05,True
1741633892258,77632.37,7e-05,True
1741633892258,77632.37,7e-05,True
1741633892258,77632.37,7e-05,True
1741633892258,77632.37,7e-05,True
1741633892258,77632.37,7e-05,True
1741633892307,77632.37,0.02,False
1741633892402,77632.37,0.00164,False
1741633892464,77632.36,7e-05,True
1741633892464,77632.36,0.00014,True
1741633892464,77632.36,7e-05,True
1741633892464,77632.36,7e-05,True
1741633892464,77632.36,7e-05,True
1741633892464,77632.36,7e-05,True
1741633892464,77632.36,0.0001,True
1741633892464,77632.36,0.0001,True
1741633892464,77632.36,0.0001,True
1741633892464,77632.36,0.00057,True
1741633892464,77632.36,0.01389,True
1741633892464,77632.36,0.01,True
1741633892896,77632.37,0.00013,False
1741633892987,77632.36,0.00792,True
1741633893047,77632.37,0.00085,False
1741633893109,77632.36,0.04,True
1741633893134,77632.36,0.003,True
1741633893135,77632.37,0.00101,False
1741633893138,77632.37,0.00801,False
1741633893138,77632.37,0.00526,False
1741633893140,77632.36,8e-05,True
1741633893183,77632.36,0.00018,True
1741633893199,77632.36,0.0002,True
1741633893231,77632.36,0.00013,True
1741633893268,77632.37,0.00763,False
1741633893322,77632.36,0.00021,True
1741633893434,77632.36,9e-05,True
1741633893495,77632.36,0.02843,True
1741633893515,77632.36,7e-05,True
1741633893515,77632.36,7e-05,True
1741633893515,77632.36,7e-05,True
1741633893515,77632.36,7e-05,True
1741633893515,77632.36,7e-05,True
1741633893515,77632.36,0.00014,True
1741633893515,77632.36,0.0001,True
1741633893515,77632.36,0.00013,True
1741633893515,77632.36,7e-05,True
1741633893515,77632.36,0.0001,True
1741633893515,77632.36,0.0001,True
1741633893515,77632.36,0.00016,True
1741633893515,77632.36,7e-05,True
1741633893515,77632.35,0.00013,True
1741633893515,77632.35,0.00014,True
1741633893515,77632.35,0.00014,True
1741633893515,77632.35,0.00055,True
1741633893515,77632.35,7e-05,True
1741633893515,77632.35,7e-05,True
1741633893515,77632.34,7e-05,True
1741633893515,77632.34,7e-05,True
1741633893515,77632.15,7e-05,True
1741633893515,77632.15,7e-05,True
1741633893515,77632.03,7e-05,True
1741633893515,77632.03,7e-05,True
1741633893515,77632.02,7e-05,True
1741633893515,77631.93,7e-05,True
1741633893515,77631.93,7e-05,True
1741633893515,77630.91,7e-05,True
1741633893515,77630.38,7e-05,True
1741633893515,77629.7,7e-05,True
1741633893515,77629.7,7e-05,True
1741633893515,77629.7,7e-05,True
1741633893515,77629.69,0.003,True
1741633893515,77628.88,0.00013,True
1741633893515,77628.83,7e-05,True
1741633893515,77628.47,7e-05,True
1741633893515,77628.47,7e-05,True
1741633893515,77628.47,7e-05,True
1741633893545,77628.46,0.0002,True
1741633893545,77628.46,0.0002,True
1741633893545,77628.46,0.0002,True
1741633893545,77628.46,0.01835,True
1741633893574,77628.46,0.04,True
1741633893574,77628.46,7e-05,True
1741633893574,77628.46,7e-05,True
1741633893574,77628.46,7e-05,True
1741633893574,77628.46,7e-05,True
1741633893574,77628.46,0.0001,True
1741633893574,77628.46,7e-05,True
1741633893574,77628.46,7e-05,True
1741633893574,77628.46,0.01111,True
1741633893574,77628.46,0.0001,True
1741633893574,77628.46,0.00704,True
1741633893574,77628.46,0.0001,True
1741633893574,77628.45,0.00019,True
1741633893574,77628.45,0.00052,True
1741633893574,77628.45,7e-05,True
1741633893574,77628.45,7e-05,True
1741633893574,77628.45,0.00013,True
1741633893574,77628.05,7e-05,True
1741633893574,77628.05,7e-05,True
1741633893574,77627.63,9e-05,True
1741633893574,77627.63,9e-05,True
1741633893574,77627.63,7e-05,True
1741633893574,77627.63,7e-05,True
1741633893574,77627.62,7e-05,True
1741633893574,77627.62,7e-05,True
1741633893574,77627.47,0.00101,True
1741633893574,77627.47,7e-05,True
1741633893574,77627.28,7e-05,True
1741633893574,77627.28,7e-05,True
1741633893574,77627.01,0.0001,True
1741633893574,77627.01,0.0001,True
1741633893574,77627.01,7e-05,True
1741633893574,77626.92,7e-05,True
1741633893574,77626.92,7e-05,True
1741633893574,77626.92,7e-05,True
1741633893574,77626.71,8e-05,True
1741633893574,77626.62,7e-05,True
1741633893574,77626.62,7e-05,True
1741633893574,77626.62,7e-05,True
1741633893574,77626.61,0.00011,True
1741633893574,77626.61,0.00011,True
1741633893574,77626.5,7e-05,True
1741633893574,77625.65,0.00032,True
1741633893574,77625.58,0.00013,True
1741633893574,77625.52,0.00037,True
1741633893574,77625.49,0.00015,True
1741633893574,77625.49,0.00015,True
1741633893574,77625.49,0.00015,True
1741633893574,77625.03,0.00013,True
1741633893574,77624.91,7e-05,True
1741633893574,77624.91,7e-05,True
1741633893574,77624.91,7e-05,True
1741633893577,77624.5,0.0217,True
1741633893577,77624.5,0.0179,True
1741633893577,77624.5,0.0163,True
1741633893578,77624.5,0.0241,True
1741633893578,77624.5,7e-05,True
1741633893578,77624.5,0.02226,True
1741633893578,77624.5,0.31813,True
1741633893578,77624.5,7e-05,True
1741633893578,77624.5,7e-05,True
1741633893578,77624.5,7e-05,True
1741633893578,77624.5,7e-05,True
1741633893578,77624.5,7e-05,True
1741633893578,77624.35,7e-05,True
1741633893578,77624.35,7e-05,True
1741633893578,77624.35,7e-05,True
1741633893578,77624.34,0.00265,True
1741633893578,77624.34,7e-05,True
1741633893578,77624.34,7e-05,True
1741633893578,77624.21,7e-05,True
1741633893578,77624.21,7e-05,True
1741633893578,77624.21,7e-05,True
1741633893578,77624.2,0.003,True
1741633893578,77624.2,7e-05,True
1741633893578,77624.2,7e-05,True
1741633893578,77624.11,7e-05,True
1741633893578,77624.11,7e-05,True
1741633893578,77624.11,7e-05,True
1741633893578,77624.1,0.00062,True
1741633893578,77624.1,0.02548,True
1741633893578,77624.1,0.0139,True
1741633893578,77624.1,0.02,True
1741633893578,77624.1,7e-05,True
1741633893578,77624.1,7e-05,True
1741633893578,77623.95,0.00014,True
1741633893578,77623.95,7e-05,True
1741633893578,77623.95,7e-05,True
1741633893578,77623.91,0.00014,True
1741633893578,77623.91,7e-05,True
1741633893578,77623.84,9e-05,True
1741633893578,77623.36,0.0001,True
1741633893578,77623.36,7e-05,True
1741633893578,77623.01,0.00303,True
1741633893578,77622.96,7e-05,True
1741633893578,77622.95,0.001,True
1741633893580,77621.36,7e-05,True
1741633893580,77621.36,7e-05,True
1741633893580,77621.36,0.01646,True
1741633893582,77621.36,0.0197,True
1741633893629,77621.36,7e-05,True
1741633893629,77621.36,0.00045,True
1741633893635,77621.37,0.01288,False
1741633893642,77621.36,0.0094,True
1741633893642,77621.36,7e-05,True
1741633893642,77621.36,7e-05,True
1741633893642,77621.36,7e-05,True
1741633893642,77621.36,0.00021,True
1741633893642,77621.36,0.04356,True
1741633893643,77621.36,0.03644,True
1741633893643,77621.36,0.00021,True
1741633893643,77621.36,0.04,True
1741633893643,77621.36,0.02,True
1741633893643,77621.36,0.039,True
1741633893643,77621.36,0.00012,True
1741633893643,77621.36,0.0001,True
1741633893643,77621.36,7e-05,True
1741633893643,77621.36,7e-05,True
1741633893643,77621.36,0.00822,True
1741633893643,77621.36,0.01557,True
1741633893643,77621.36,7e-05,True
1741633893643,77621.36,0.00036,True
1741633893643,77621.36,0.0001,True
1741633893643,77621.36,0.0001,True
1741633893643,77621.36,0.002,True
1741633893643,77621.35,7e-05,True
1741633893643,77621.35,7e-05,True
1741633893643,77621.35,0.00014,True
1741633893643,77621.35,0.00051,True
1741633893643,77621.35,0.00013,True
1741633893643,77621.03,7e-05,True
1741633893643,77621.03,7e-05,True
1741633893643,77620.43,7e-05,True
1741633893643,77620.43,7e-05,True
1741633893643,77620.36,7e-05,True
1741633893643,77620.36,7e-05,True
1741633893643,77620.36,7e-05,True
1741633893643,77620.36,7e-05,True
1741633893643,77620.36,0.00958,True
1741633893654,77620.36,7e-05,True
1741633893654,77620.36,7e-05,True
1741633893654,77620.36,7e-05,True
1741633893654,77620.36,7e-05,True
1741633893654,77620.36,7e-05,True
1741633893654,77620.36,7e-05,True
1741633893654,77620.36,7e-05,True
1741633893654,77620.36,0.01221,True
1741633893654,77620.36,0.00156,True
1741633893654,77620.36,0.01146,True
1741633893654,77620.36,0.00854,True
1741633893654,77620.36,0.04,True
1741633893654,77620.36,0.039,True
1741633893654,77620.36,0.0001,True
1741633893654,77620.36,0.0001,True
1741633893654,77620.36,0.08,True
1741633893654,77620.36,0.0001,True
1741633893654,77620.36,7e-05,True
1741633893654,77620.35,7e-05,True
1741633893654,77620.35,7e-05,True
1741633893654,77620.35,0.00058,True
1741633893654,77620.29,7e-05,True
1741633893654,77620.29,7e-05,True
1741633893654,77620.29,7e-05,True
1741633893654,77620.16,0.00979,True
1741633893654,77620.16,0.01725,True
1741633893654,77620.16,0.01251,True
1741633893654,77620.16,0.0075,True
1741633893655,77620.16,0.03024,True
1741633893655,77620.14,7e-05,True
1741633893655,77620.14,7e-05,True
1741633893655,77620.01,7e-05,True
1741633893655,77619.95,0.03586,True
1741633893655,77619.95,0.00414,True
1741633893655,77619.9,0.10304,True
1741633893661,77619.52,7e-05,True
1741633893661,77619.52,0.0001,True
1741633893661,77619.52,0.0001,True
1741633893661,77619.52,7e-05,True
1741633893661,77619.52,0.0001,True
1741633893661,77619.52,7e-05,True
1741633893661,77619.52,7e-05,True
1741633893661,77619.52,7e-05,True
1741633893661,77619.52,0.00057,True
1741633893661,77619.51,0.00055,True
1741633893661,77619.35,0.00051,True
1741633893661,77619.35,7e-05,True
1741633893661,77618.95,7e-05,True
1741633893661,77618.74,7e-05,True
1741633893661,77618.74,7e-05,True
1741633893661,77618.61,7e-05,True
1741633893661,77618.61,7e-05,True
1741633893661,77618.61,0.00014,True
1741633893661,77618.61,0.00016,True
1741633893661,77618.61,7e-05,True
1741633893661,77618.6,0.04902,True
1741633893661,77618.6,7e-05,True
1741633893661,77618.05,7e-05,True
1741633893661,77618.05,7e-05,True
1741633893661,77618.05,7e-05,True
1741633893661,77617.59,0.001,True
1741633893661,77616.72,0.13729,True
1741633893661,77615.87,0.00013,True
1741633893661,77615.58,0.0001,True
1741633893661,77615.04,0.00029,True
1741633893661,77614.16,0.01288,True
1741633893661,77613.21,0.02777,True
1741633893661,77613.2,0.05876,True
1741633893661,77612.88,0.003,True
1741633893661,77612.79,0.00506,True
1741633893661,77612.42,0.00504,True
1741633893661,77612.3,0.00014,True
1741633893661,77611.96,0.00057,True
1741633893661,77611.3,0.00013,True
1741633893666,77610.78,0.00096,False
1741633893669,77610.78,0.00111,False
1741633893673,77610.78,0.00044,False
1741633893676,77610.78,0.00018,False
1741633893678,77610.78,7e-05,False
1741633893687,77610.78,0.039,False
1741633893687,77610.77,0.0002,True
1741633893692,77610.77,0.0362,True
1741633893712,77610.78,0.00062,False
1741633893726,77610.77,0.00014,True
1741633893758,77610.77,0.00061,True
1741633893769,77610.77,0.00031,True
1741633893835,77610.78,0.00123,False
1741633893854,77610.78,0.039,False
1741633893869,77610.78,0.00032,False
1741633893872,77610.78,0.00715,False
1741633893872,77610.78,0.00013,False
1741633893872,77610.78,7e-05,False
1741633893872,77610.78,0.0001,False
1741633893872,77610.78,7e-05,False
1741633893872,77610.78,0.01748,False
1741633893895,77610.78,0.003,False
1741633893938,77610.78,7e-05,False
1741633893938,77610.78,6e-05,False
1741633893951,77610.77,0.0005,True
1741633893982,77610.78,1e-05,False
1741633893982,77610.78,7e-05,False
1741633893982,77610.78,7e-05,False
1741633893982,77610.78,0.0001,False
1741633893982,77610.78,0.0001,False
1741633893982,77610.78,0.0001,False
1741633893982,77610.78,0.01055,False
1741633893982,77610.78,0.01,False
1741633894005,77610.78,7e-05,False
1741633894005,77610.78,7e-05,False
1741633894005,77610.78,0.0001,False
1741633894005,77610.78,0.0001,False
1741633894005,77610.78,7e-05,False
1741633894005,77610.78,7e-05,False
1741633894005,77610.78,7e-05,False
1741633894005,77610.78,0.0001,False
1741633894005,77610.79,0.00014,False
1741633894005,77610.79,0.00014,False
1741633894005,77610.79,0.00014,False
1741633894005,77610.79,7e-05,False
1741633894005,77611.93,7e-05,False
1741633894005,77611.93,7e-05,False
1741633894005,77611.93,7e-05,False
1741633894005,77611.93,7e-05,False
1741633894005,77611.94,0.00388,False
1741633894005,77611.94,0.0037,False
1741633894005,77611.94,7e-05,False
1741633894005,77611.99,7e-05,False
1741633894005,77612.43,0.00044,False
1741633894005,77612.52,7e-05,False
1741633894005,77614.42,7e-05,False
1741633894005,77614.42,7e-05,False
1741633894005,77614.42,7e-05,False
1741633894013,77614.42,0.00928,True
1741633894013,77614.42,0.05849,True
1741633894013,77614.42,0.02223,True
1741633894022,77614.43,0.024,False
1741633894113,77614.43,7e-05,False
1741633894113,77614.43,7e-05,False
1741633894113,77614.43,7e-05,False
1741633894113,77614.43,0.0001,False
1741633894113,77614.43,7e-05,False
1741633894113,77614.43,7e-05,False
1741633894113,77614.43,0.0001,False
1741633894113,77614.43,7e-05,False
1741633894113,77614.43,7e-05,False
1741633894113,77614.43,7e-05,False
1741633894113,77614.43,0.00014,False
1741633894113,77614.43,7e-05,False
1741633894113,77614.43,0.0001,False
1741633894113,77614.44,0.00013,False
1741633894113,77614.44,7e-05,False
1741633894113,77614.44,0.00013,False
1741633894113,77615.42,1e-05,False
1741633894190,77615.41,0.00019,True
1741633894313,77615.42,6e-05,False
1741633894313,77615.42,0.0009,False
1741633894322,77615.42,0.05,False
1741633894346,77615.42,0.072,False
1741633894347,77615.42,0.039,False
1741633894419,77615.41,8e-05,True
1741633894475,77615.42,7e-05,False
1741633894475,77615.42,0.00013,False
1741633894475,77615.42,7e-05,False
1741633894475,77615.42,7e-05,False
1741633894475,77615.42,7e-05,False
1741633894475,77615.42,0.001,False
1741633894475,77615.42,0.0001,False
1741633894475,77615.42,7e-05,False
1741633894475,77615.43,0.00014,False
1741633894475,77615.43,0.00014,False
1741633894475,77615.43,0.00014,False
1741633894475,77615.43,7e-05,False
1741633894475,77617.99,7e-05,False
1741633894475,77618.0,7e-05,False
1741633894475,77619.99,7e-05,False
1741633894475,77621.98,0.00016,False
1741633894475,77622.77,7e-05,False
1741633894475,77622.77,7e-05,False
1741633894475,77622.77,7e-05,False
1741633894475,77622.78,0.01021,False
1741633894616,77622.78,0.0001,False
1741633894616,77622.79,0.00014,False
1741633894616,77623.09,8e-05,False
1741633894616,77623.09,8e-05,False
1741633894616,77623.1,0.001,False
1741633894616,77623.39,7e-05,False
1741633894616,77624.16,7e-05,False
1741633894616,77624.98,7e-05,False
1741633894616,77624.98,7e-05,False
1741633894616,77624.98,7e-05,False
1741633894706,77624.99,0.0001,False
1741633894706,77624.99,0.0001,False
1741633894706,77624.99,0.00014,False
1741633894706,77625.0,0.00017,False
1741633894706,77625.0,0.00014,False
1741633894706,77625.0,0.00013,False
1741633894706,77625.7,0.00019,False
1741633894706,77625.7,0.00013,False
1741633894706,77625.7,0.00013,False
1741633894706,77626.66,7e-05,False
1741633894706,77626.66,7e-05,False
1741633894706,77626.66,7e-05,False
1741633894706,77626.67,0.00766,False
1741633894706,77627.27,7e-05,False
1741633894706,77627.91,7e-05,False
1741633894706,77627.91,7e-05,False
1741633894706,77627.91,7e-05,False
1741633894712,77627.92,0.00064,True
1741633894768,77627.93,0.02491,False
1741633894873,77627.92,0.00391,True
1741633894911,77627.93,0.014,False
1741633894937,77627.92,7e-05,True
1741633894937,77627.92,0.0001,True
1741633894937,77627.92,0.0001,True
1741633894937,77627.92,0.0001,True
1741633894937,77627.92,0.00013,True
1741633894937,77627.92,0.00056,True
1741633894937,77627.92,0.00085,True
1741633894937,77627.92,7e-05,True
1741633894937,77627.92,7e-05,True
1741633894937,77627.92,7e-05,True
1741633894937,77627.92,7e-05,True
1741633894937,77627.92,7e-05,True
1741633894937,77627.91,0.00014,True
1741633894937,77627.91,0.00014,True
1741633894937,77627.91,0.00014,True
1741633894937,77627.91,7e-05,True
1741633894937,77627.91,7e-05,True
1741633894937,77627.83,0.00053,True
1741633894937,77627.83,7e-05,True
1741633894937,77627.83,7e-05,True
1741633894937,77627.82,7e-05,True
1741633894937,77627.82,7e-05,True
1741633894937,77627.48,7e-05,True
1741633894937,77627.48,7e-05,True
1741633894937,77627.28,7e-05,True
1741633894937,77627.28,7e-05,True
1741633894937,77627.27,7e-05,True
1741633894937,77627.26,7e-05,True
1741633894937,77624.99,7e-05,True
1741633894937,77624.99,7e-05,True
1741633894937,77624.99,8e-05,True
1741633894937,77624.99,8e-05,True
1741633894937,77624.99,7e-05,True
1741633895004,77624.98,0.00028,True
1741633895004,77624.98,0.00056,True
1741633895004,77624.98,0.0001,True
1741633895004,77624.98,0.0001,True
1741633895004,77624.98,0.0001,True
1741633895004,77624.98,7e-05,True
1741633895004,77624.98,7e-05,True
1741633895004,77624.98,7e-05,True
1741633895004,77624.98,7e-05,True
1741633895004,77624.98,7e-05,True
1741633895004,77624.97,0.00013,True
1741633895004,77624.97,7e-05,True
1741633895004,77624.95,7e-05,True
1741633895004,77624.95,7e-05,True
1741633895004,77624.89,0.00058,True
1741633895004,77624.89,7e-05,True
1741633895004,77624.89,7e-05,True
1741633895004,77624.17,7e-05,True
1741633895004,77624.17,7e-05,True
1741633895004,77622.93,0.00013,True
1741633895004,77622.93,0.00013,True
1741633895004,77622.93,0.00013,True
1741633895004,77622.93,7e-05,True
1741633895004,77622.78,9e-05,True
1741633895004,77622.78,9e-05,True
1741633895004,77622.78,7e-05,True
1741633895004,77622.77,0.00082,True
1741633895004,77622.77,7e-05,True
1741633895004,77622.62,7e-05,True
1741633895004,77621.01,0.0001,True
1741633895004,77621.01,0.0001,True
1741633895004,77620.25,7e-05,True
1741633895004,77620.25,7e-05,True
1741633895004,77620.25,7e-05,True
1741633895019,77620.25,0.00013,False
1741633895078,77620.25,0.00939,False
1741633895078,77620.25,0.0063,False
1741633895115,77620.24,0.00017,True
1741633895115,77620.24,7e-05,True
1741633895115,77620.24,0.00014,True
1741633895115,77620.24,0.00014,True
1741633895115,77620.24,0.00056,True
1741633895115,77620.24,0.00014,True
1741633895115,77620.24,0.0001,True
1741633895115,77620.24,0.0001,True
1741633895115,77620.24,0.0001,True
1741633895115,77620.24,0.00014,True
1741633895115,77620.23,0.00023,True
1741633895115,77620.23,7e-05,True
1741633895115,77620.23,0.00014,True
1741633895115,77620.23,0.00013,True
1741633895115,77620.15,0.00056,True
1741633895115,77620.15,7e-05,True
1741633895115,77619.75,7e-05,True
1741633895115,77619.44,7e-05,True
1741633895115,77618.25,7e-05,True
1741633895115,77618.22,0.00014,True
1741633895115,77618.22,7e-05,True
1741633895115,77618.1,7e-05,True
1741633895115,77615.93,0.0001,True
1741633895115,77615.42,7e-05,True
1741633895115,77615.42,7e-05,True
1741633895115,77615.42,7e-05,True
1741633895115,77615.41,0.00017,True
1741633895115,77615.41,0.00217,True
1741633895115,77615.41,0.00079,True
1741633895115,77615.28,0.00014,True
1741633895115,77614.86,7e-05,True
1741633895115,77614.75,7e-05,True
1741633895115,77614.75,7e-05,True
1741633895115,77614.75,7e-05,True
1741633895194,77614.75,8e-05,False
1741633895195,77614.74,0.0002,True
1741633895200,77614.75,0.00011,False
1741633895268,77614.75,0.00101,False
1741633895307,77614.75,0.00128,False
1741633895327,77614.75,6e-05,False
1741633895369,77614.75,0.00147,False
1741633895469,77614.74,0.0001,True
1741633895469,77614.74,7e-05,True
1741633895469,77614.74,9e-05,True
1741633895469,77614.74,0.00059,True
1741633895542,77614.75,0.00128,False
1741633895614,77614.74,7e-05,True
1741633895614,77614.74,7e-05,True
1741633895614,77614.74,0.01881,True
1741633895713,77614.75,0.10355,False
1741633895843,77614.75,0.00087,False
1741633895873,77614.74,8e-05,True
1741633895883,77614.74,5e-05,True
1741633895883,77614.74,2e-05,True
1741633895951,77614.75,0.00013,False
1741633895955,77614.75,0.00072,False
1741633895989,77614.75,0.01419,False
1741633896007,77614.74,5e-05,True
1741633896007,77614.74,7e-05,True
1741633896007,77614.74,0.0001,True
1741633896007,77614.74,0.00148,True
1741633896197,77614.74,0.0002,True
1741633896216,77614.75,0.039,False
1741633896230,77614.75,7e-05,False
1741633896230,77614.75,7e-05,False
1741633896230,77614.75,7e-05,False
1741633896230,77614.75,0.0001,False
1741633896230,77614.75,7e-05,False
1741633896230,77614.75,0.00126,False
1741633896230,77614.75,0.00013,False
1741633896230,77614.75,0.00081,False
1741633896230,77614.75,0.01729,False
1741633896230,77614.75,7e-05,False
1741633896230,77614.75,0.0001,False
1741633896230,77614.75,0.0001,False
1741633896230,77614.75,0.0001,False
1741633896230,77614.76,0.00013,False
1741633896230,77614.76,7e-05,False
1741633896230,77614.76,0.00014,False
1741633896230,77614.76,0.00014,False
1741633896230,77614.85,7e-05,False
1741633896230,77614.85,7e-05,False
1741633896230,77614.85,7e-05,False
1741633896230,77614.85,7e-05,False
1741633896230,77614.86,7e-05,False
1741633896230,77614.87,7e-05,False
1741633896230,77616.09,7e-05,False
1741633896230,77616.09,7e-05,False
1741633896230,77616.09,7e-05,False
1741633896230,77616.1,0.01895,False
1741633896230,77616.1,0.00948,False
1741633896232,77619.05,0.00359,False
1741633896232,77619.05,0.014,False
1741633896232,77619.05,0.00136,False
1741633896232,77619.05,0.00508,False
1741633896233,77619.05,0.0044,False
1741633896233,77620.23,7e-05,False
1741633896233,77620.23,7e-05,False
1741633896233,77620.23,0.01091,False
1741633896235,77620.22,7e-05,False
1741633896235,77620.23,0.10714,False
1741633896235,77620.74,0.00639,False
1741633896236,77620.74,0.04075,False
1741633896236,77620.74,0.0275,False
1741633896236,77620.74,0.05485,False
1741633896236,77620.74,0.0948,False
1741633896237,77620.74,0.028,False
1741633896237,77620.74,0.08,False
1741633896238,77620.74,0.00429,False
1741633896238,77620.74,0.00383,False
1741633896238,77620.74,2e-05,False
1741633896238,77620.74,5e-05,False
1741633896238,77621.06,7e-05,False
1741633896238,77621.18,7e-05,False
1741633896238,77621.74,7e-05,False
1741633896238,77621.83,7e-05,False
1741633896238,77621.99,0.02894,False
1741633896238,77622.52,0.003,False
1741633896238,77622.61,0.00011,False
1741633896238,77622.61,0.00011,False
1741633896238,77623.47,0.00505,False
1741633896238,77623.95,0.00014,False
1741633896238,77624.26,0.0001,False
1741633896238,77624.44,0.00014,False
1741633896238,77624.8,0.00506,False
1741633896238,77624.97,0.12877,False
1741633896238,77624.97,0.13385,False
1741633896238,77625.02,0.00013,False
1741633896238,77626.41,0.00506,False
1741633896238,77627.58,0.00921,False
1741633896250,77627.58,0.00603,False
1741633896347,77627.58,0.0001,False
1741633896347,77627.58,0.0001,False
1741633896347,77627.58,0.00036,False
1741633896347,77627.58,0.00301,False
1741633896347,77627.58,0.00014,False
1741633896347,77627.58,0.00101,False
1741633896347,77627.58,7e-05,False
1741633896347,77627.58,7e-05,False
1741633896347,77627.58,7e-05,False
1741633896347,77627.58,7e-05,False
1741633896347,77627.58,7e-05,False
1741633896347,77627.58,0.0001,False
1741633896347,77627.58,0.0001,False
1741633896347,77627.58,0.0001,False
1741633896347,77627.58,0.0001,False
1741633896347,77627.58,0.0001,False
1741633896347,77627.59,0.00014,False
1741633896347,77627.92,0.00031,False
1741633896347,77627.92,0.00027,False
1741633896347,77627.92,0.00027,False
1741633896347,77627.93,0.00132,False
1741633896347,77630.0,0.00073,False
1741633896347,77631.9,0.01148,False
1741633896347,77631.9,0.00654,False
1741633896425,77631.98,0.01289,True
1741633896425,77631.98,0.00606,True
1741633896629,77631.98,7e-05,True
1741633896657,77631.98,3e-05,True
1741633896657,77631.98,7e-05,True
1741633896657,77631.98,0.0001,True
1741633896657,77631.98,7e-05,True
1741633896657,77631.98,7e-05,True
1741633896657,77631.98,0.0007,True
1741633896706,77631.99,7e-05,False
1741633896706,77631.99,0.00022,False
1741633896706,77631.99,0.0002,False
1741633896706,77631.99,0.0002,False
1741633896706,77631.99,0.00626,False
1741633896761,77631.98,0.00947,True
1741633897111,77631.99,0.0002,False
1741633897111,77631.99,0.00014,False
1741633897111,77631.99,7e-05,False
1741633897111,77631.99,7e-05,False
1741633897111,77631.99,7e-05,False
1741633897111,77631.99,7e-05,False
1741633897111,77631.99,0.05589,False
1741633897111,77631.99,0.06718,False
1741633897111,77631.99,0.05566,False
1741633897111,77631.99,0.01945,False
1741633897111,77631.99,0.05028,False
1741633897111,77631.99,0.1375,False
1741633897111,77631.99,0.00368,False
1741633897111,77631.99,0.09231,False
1741633897111,77631.99,0.02491,False
1741633897111,77631.99,0.0001,False
1741633897111,77631.99,0.0001,False
1741633897111,77631.99,0.0001,False
1741633897111,77632.0,0.00013,False
1741633897111,77632.0,0.00014,False
1741633897111,77632.0,0.00013,False
1741633897111,77632.0,7e-05,False
1741633897111,77632.12,7e-05,False
1741633897111,77632.26,7e-05,False
1741633897111,77632.26,7e-05,False
1741633897111,77632.26,7e-05,False
1741633897111,77632.26,7e-05,False
1741633897111,77632.27,0.20589,False
1741633897112,77632.27,0.039,False
1741633897113,77632.27,0.0875,False
1741633897114,77632.27,0.0076,False
1741633897114,77632.27,0.0001,False
1741633897117,77632.27,0.0001,False
1741633897117,77632.27,0.0001,False
1741633897117,77634.01,0.0003,False
1741633897158,77634.01,0.00085,False
1741633897158,77634.01,0.0001,False
1741633897158,77634.01,0.0001,False
1741633897158,77634.01,0.0001,False
1741633897158,77634.02,0.0001,False
1741633897158,77634.9,0.0001,False
1741633897159,77634.9,5e-05,False
1741633897159,77634.9,0.00015,False
1741633897159,77634.9,0.00015,False
1741633897159,77634.91,0.00017,False
1741633897159,77635.99,0.00014,False
1741633897159,77637.36,0.00024,False
1741633897159,77637.46,0.00036,False
1741633897159,77637.46,7e-05,False
1741633897159,77637.46,7e-05,False
1741633897159,77637.46,7e-05,False
1741633897159,77637.47,0.03465,False
1741633897162,77639.75,0.00023,False
1741633897162,77639.76,0.0001,False
1741633897162,77639.82,0.00032,False
1741633897162,77639.99,7e-05,False
1741633897162,77639.99,7e-05,False
1741633897162,77639.99,7e-05,False
1741633897162,77640.0,0.01509,False
1741633897162,77640.0,0.08795,False
1741633897162,77640.03,0.0288,False
1741633897165,77640.85,0.0014,False
1741633897165,77640.85,0.02675,False
1741633897166,77640.85,0.02003,False
1741633897166,77641.98,0.00021,False
1741633897166,77642.15,0.00014,False
1741633897166,77643.34,0.00013,False
1741633897166,77643.64,7e-05,False
1741633897166,77643.64,7e-05,False
1741633897166,77643.64,7e-05,False
1741633897166,77643.65,0.16869,False
1741633897166,77643.65,0.01759,False
1741633897167,77643.65,0.02097,False
1741633897167,77643.65,0.08362,False
1741633897167,77643.65,0.00915,False
1741633897172,77643.66,0.01,False
1741633897179,77643.66,0.005,False
1741633897179,77643.66,0.08,False
1741633897180,77643.66,0.32,False
1741633897180,77643.66,1.085,False
1741633897180,77643.66,0.0001,False
1741633897180,77643.67,0.00049,False
1741633897276,77643.66,0.0001,False
1741633897276,77643.66,0.0001,False
1741633897276,77643.66,0.0001,False
1741633897276,77643.66,0.0001,False
1741633897276,77643.66,0.0001,False
1741633897276,77643.66,0.0001,False
1741633897276,77643.66,0.00044,False
1741633897276,77643.66,0.00044,False
1741633897276,77643.66,0.00038,False
1741633897276,77643.66,6e-05,False
1741633897276,77643.66,7e-05,False
1741633897276,77643.66,7e-05,False
1741633897327,77643.66,7e-05,False
1741633897327,77643.66,7e-05,False
1741633897327,77643.66,7e-05,False
1741633897327,77643.66,4e-05,False
1741633897330,77643.66,6e-05,False
1741633897330,77643.66,7e-05,False
1741633897330,77643.66,0.0001,False
1741633897330,77643.66,7e-05,False
1741633897330,77643.66,7e-05,False
1741633897330,77643.66,0.0001,False
1741633897330,77643.66,0.0001,False
1741633897330,77643.66,0.0001,False
1741633897330,77643.66,0.00013,False
1741633897330,77643.66,0.019,False
1741633897330,77643.66,0.1232,False
1741633897330,77643.66,0.00053,False
1741633897330,77643.66,0.0002,False
1741633897332,77643.66,0.00047,False
1741633897332,77643.66,7e-05,False
1741633897332,77643.66,7e-05,False
1741633897332,77643.67,0.00013,False
1741633897332,77643.67,7e-05,False
1741633897332,77643.67,0.00013,False
1741633897332,77643.67,0.00013,False
1741633897332,77644.0,0.014,False
1741633897332,77644.33,7e-05,False
1741633897371,77645.15,7e-05,False
1741633897371,77645.15,7e-05,False
1741633897371,77645.15,7e-05,False
1741633897371,77645.15,7e-05,False
1741633897371,77645.15,7e-05,False
1741633897371,77645.15,0.0001,False
1741633897371,77645.15,0.0001,False
1741633897371,77645.15,0.0001,False
1741633897371,77645.15,7e-05,False
1741633897371,77645.16,7e-05,False
1741633897371,77645.77,0.00017,False
1741633897371,77645.77,0.0001,False
1741633897371,77645.77,0.0001,False
1741633897371,77645.77,7e-05,False
1741633897371,77645.78,7e-05,False
1741633897371,77645.78,7e-05,False
1741633897371,77645.78,2e-05,False
1741633897371,77645.78,5e-05,False
1741633897371,77645.78,7e-05,False
1741633897371,77645.79,8e-05,False
1741633897371,77645.79,0.00471,False
1741633897406,77645.79,0.00087,False
1741633897406,77645.79,0.0001,False
1741633897406,77645.79,3e-05,False
1741633897406,77645.79,0.0001,False
1741633897406,77645.79,0.0001,False
1741633897450,77645.79,7e-05,False
1741633897450,77645.79,7e-05,False
1741633897450,77645.79,7e-05,False
1741633897450,77645.79,0.00021,False
1741633897463,77645.79,0.00012,False
1741633897565,77645.78,0.03219,True
1741633897693,77645.78,0.00101,True
1741633897713,77645.79,0.00672,False
1741633897778,77645.79,0.00038,False
1741633897995,77645.79,0.00049,False
1741633898111,77645.78,0.04,True
1741633898131,77645.79,0.00409,False
1741633898131,77645.79,0.00013,False
1741633898131,77645.79,7e-05,False
1741633898131,77645.79,7e-05,False
1741633898131,77645.79,7e-05,False
1741633898131,77645.79,0.00559,False
1741633898131,77645.79,7e-05,False
1741633898131,77645.79,7e-05,False
1741633898131,77645.79,0.001,False
1741633898131,77645.79,0.0001,False
1741633898131,77645.79,0.0001,False
1741633898131,77645.79,0.0001,False
1741633898131,77645.79,0.019,False
1741633898131,77645.79,0.0001,False
1741633898131,77645.79,0.1232,False
1741633898131,77645.8,0.00013,False
1741633898131,77645.8,0.00013,False
1741633898131,77645.8,0.00013,False
1741633898131,77645.8,7e-05,False
1741633898131,77645.89,7e-05,False
1741633898131,77645.89,7e-05,False
1741633898131,77646.66,7e-05,False
1741633898131,77646.93,7e-05,False
1741633898131,77647.64,0.0002,False
1741633898131,77648.39,7e-05,False
1741633898131,77648.39,7e-05,False
1741633898131,77648.39,7e-05,False
1741633898131,77648.4,0.003,False
1741633898131,77648.99,7e-05,False
1741633898131,77649.78,0.0002,False
1741633898131,77649.78,0.00023,False
1741633898131,77649.78,0.0002,False
1741633898131,77650.0,0.01393,False
1741633898138,77650.0,7e-05,False
1741633898138,77650.0,7e-05,False
1741633898138,77650.0,7e-05,False
1741633898138,77650.0,7e-05,False
1741633898138,77650.0,7e-05,False
1741633898138,77650.0,7e-05,False
1741633898138,77650.0,0.02165,False
1741633898138,77650.0,0.10253,False
1741633898139,77650.0,0.00277,False
1741633898139,77650.0,0.09738,False
1741633898142,77650.0,0.0001,False
1741633898142,77650.0,0.019,False
1741633898142,77650.0,0.0001,False
1741633898142,77650.0,0.0001,False
1741633898142,77650.0,0.09775,False
1741633898142,77650.0,0.00033,False
1741633898393,77650.0,0.00643,False
1741633898394,77649.99,9e-05,True
1741633898487,77650.0,7e-05,False
1741633898572,77650.0,0.0125,False
1741633898572,77650.0,0.01633,False
1741633898583,77650.0,0.0012,False
1741633899023,77650.0,0.00257,False
1741633899026,77650.0,0.00013,False
1741633899126,77649.99,4e-05,True
1741633899126,77649.99,0.04322,True
1741633899126,77649.99,0.00013,True
1741633899126,77649.99,0.00046,True
1741633899126,77649.99,0.02248,True
1741633899126,77649.99,0.03577,True
1741633899274,77649.99,0.00821,True
1741633899276,77650.0,0.00629,False
1741633899310,77650.0,0.00101,False
1741633899624,77649.99,0.00395,True
1741633899706,77649.99,0.03434,True
1741633899756,77650.0,0.00016,False
1741633899883,77650.0,0.07761,False
1741633899883,77650.0,0.0169,False
1741633899883,77650.0,7e-05,False
1741633899883,77650.0,0.17522,False
1741633899883,77650.0,0.46333,False
1741633899883,77650.0,0.014,False
1741633899883,77650.0,9e-05,False
1741633899883,77650.0,0.17115,False
1741633899883,77650.0,0.00013,False
1741633899883,77650.0,7e-05,False
1741633899883,77650.0,0.16131,False
1741633899883,77650.0,0.00011,False
1741633899883,77650.0,0.03916,False
1741633899883,77650.0,0.05083,False
1741633899883,77650.0,0.04055,False
1741633899883,77650.0,0.00128,False
1741633899883,77650.0,7e-05,False
1741633899883,77650.0,7e-05,False
1741633899883,77650.0,0.001,False
1741633899883,77650.0,0.00591,False
1741633899883,77650.0,0.00067,False
1741633899883,77650.0,0.00086,False
1741633899883,77650.0,0.0001,False
1741633899883,77650.0,7e-05,False
1741633899883,77650.0,0.0001,False
1741633899883,77650.0,0.00034,False
1741633899883,77650.0,7e-05,False
1741633899883,77650.0,0.0001,False
1741633899883,77650.0,7e-05,False
1741633899883,77650.0,0.01856,False
1741633899883,77650.0,0.65,False
1741633899883,77650.0,7e-05,False
1741633899883,77650.0,0.03686,False
1741633899883,77650.01,0.00024,False
1741633899883,77650.01,0.00013,False
1741633899883,77650.01,0.00013,False
1741633899883,77650.01,0.00013,False
1741633899883,77650.01,7e-05,False
1741633899883,77650.38,7e-05,False
1741633899883,77650.55,0.00091,False
1741633899883,77650.55,7e-05,False
1741633899883,77650.93,0.00016,False
1741633899883,77650.93,7e-05,False
1741633899883,77651.13,7e-05,False
1741633899883,77651.13,7e-05,False
1741633899883,77651.13,7e-05,False
1741633899883,77651.14,0.04295,False
1741633899966,77651.13,0.00015,True
1741633900006,77651.14,0.00013,False
1741633900023,77651.14,7e-05,False
1741633900023,77651.14,7e-05,False
1741633900023,77651.14,7e-05,False
1741633900023,77651.14,0.00302,False
1741633900023,77651.14,0.00014,False
1741633900023,77651.14,7e-05,False
1741633900023,77651.14,7e-05,False
1741633900023,77651.14,0.0001,False
1741633900023,77651.14,0.00101,False
1741633900023,77651.14,0.0001,False
1741633900023,77651.14,7e-05,False
1741633900023,77651.15,7e-05,False
1741633900023,77651.15,0.00014,False
1741633900038,77651.32,7e-05,False
1741633900038,77651.32,7e-05,False
1741633900038,77651.32,7e-05,False
1741633900038,77651.32,0.00172,False
1741633900088,77651.32,7e-05,False
1741633900088,77651.32,7e-05,False
1741633900088,77651.32,0.0001,False
1741633900088,77651.32,7e-05,False
1741633900088,77651.32,7e-05,False
1741633900088,77651.32,7e-05,False
1741633900088,77651.32,7e-05,False
1741633900088,77651.32,0.0001,False
1741633900088,77651.32,0.0001,False
1741633900088,77651.33,7e-05,False
1741633900088,77651.33,7e-05,False
1741633900088,77651.33,0.00014,False
1741633900088,77651.33,0.00014,False
1741633900088,77651.53,9e-05,False
1741633900088,77651.53,9e-05,False
1741633900088,77651.53,7e-05,False
1741633900088,77651.54,0.00114,False
1741633900088,77651.54,7e-05,False
1741633900088,77652.09,7e-05,False
1741633900088,77653.14,0.0001,False
1741633900088,77653.98,0.00015,False
1741633900088,77654.44,8e-05,False
1741633900088,77654.46,0.00096,False
1741633900088,77655.14,0.00072,False
1741633900088,77655.2,7e-05,False
1741633900088,77655.23,0.00118,False
1741633900088,77655.25,0.0003,False
1741633900088,77655.27,7e-05,False
1741633900088,77655.27,7e-05,False
1741633900088,77655.27,7e-05,False
1741633900088,77655.28,0.003,False
1741633900088,77655.55,0.00028,False
1741633900088,77655.88,0.00126,False
1741633900088,77656.0,0.002,False
1741633900088,77656.68,0.00947,False
1741633900088,77656.68,0.01895,False
1741633900088,77657.09,0.00013,False
1741633900088,77657.75,0.00022,False
1741633900088,77657.8,0.003,False
1741633900091,77658.75,8e-05,False
1741633900101,77658.75,6e-05,False
1741633900101,77658.75,0.00129,False
1741633900125,77658.75,0.0001,False
1741633900125,77658.75,0.00117,False
1741633900143,77658.75,0.00065,False
1741633900171,77658.75,0.00014,False
1741633900171,77658.75,0.0001,False
1741633900171,77658.75,7e-05,False
1741633900171,77658.75,7e-05,False
1741633900171,77658.75,7e-05,False
1741633900171,77658.75,7e-05,False
1741633900171,77658.75,0.0114,False
1741633900171,77658.76,0.00037,False
1741633900171,77659.01,0.00037,False
1741633900171,77659.01,0.00037,False
1741633900171,77659.01,0.00049,False
1741633900171,77659.32,7e-05,False
1741633900171,77659.32,7e-05,False
1741633900171,77659.32,0.00027,False
1741633900171,77659.32,7e-05,False
1741633900220,77659.33,0.006,False
1741633900231,77659.33,0.002,False
1741633900255,77659.33,0.039,False
1741633900294,77659.33,0.06529,False
1741633900299,77659.33,0.228,False
1741633900301,77659.33,0.09517,False
1741633900301,77659.33,0.17547,False
1741633900303,77659.33,0.12162,False
1741633900304,77659.33,0.24488,False
1741633900306,77659.33,0.18688,False
1741633900308,77659.33,0.07879,False
1741633900314,77659.33,0.2569,False
1741633900314,77659.33,0.0001,False
1741633900314,77659.33,7e-05,False
1741633900314,77659.33,7e-05,False
1741633900314,77659.33,7e-05,False
1741633900314,77659.33,7e-05,False
1741633900314,77659.33,7e-05,False
1741633900314,77659.34,0.00014,False
1741633900314,77659.34,1e-05,False
1741633900314,77659.34,6e-05,False
1741633900314,77659.34,0.00013,False
1741633900314,77659.34,0.00014,False
1741633900314,77659.5,0.001,False
1741633900314,77659.5,7e-05,False
1741633900314,77659.85,7e-05,False
1741633900314,77659.99,7e-05,False
1741633900314,77659.99,7e-05,False
1741633900314,77659.99,7e-05,False
1741633900314,77659.99,7e-05,False
1741633900314,77660.0,0.03168,False
1741633900314,77660.0,0.07133,False
1741633900314,77660.0,0.002,False
1741633900314,77660.07,8e-05,False
1741633900314,77660.37,7e-05,False
1741633900314,77660.37,7e-05,False
1741633900314,77660.37,7e-05,False
1741633900314,77660.38,0.05873,False
1741633900315,77661.02,0.0003,False
1741633900315,77661.02,0.00098,False
1741633900315,77661.11,0.00023,False
1741633900317,77661.68,0.00014,False
1741633900317,77661.68,0.00014,False
1741633900317,77662.73,0.00017,False
1741633900317,77662.74,0.0007,False
1741633900317,77663.0,0.00019,False
1741633900317,77663.66,0.00014,False
1741633900317,77663.99,7e-05,False
1741633900317,77664.0,0.002,False
1741633900317,77664.51,7e-05,False
1741633900317,77665.53,7e-05,False
1741633900317,77665.53,7e-05,False
1741633900317,77665.53,7e-05,False
1741633900317,77665.54,0.02439,False
1741633900317,77665.71,0.00014,False
1741633900317,77666.25,0.00013,False
1741633900317,77666.77,0.00028,False
1741633900317,77668.0,0.002,False
1741633900317,77668.55,0.00014,False
1741633900317,77668.75,0.001,False
1741633900317,77669.09,0.003,False
1741633900317,77669.73,0.00036,False
1741633900317,77669.83,0.00018,False
1741633900317,77670.37,0.00028,False
1741633900317,77670.67,7e-05,False
1741633900317,77670.67,7e-05,False
1741633900317,77670.67,0.00313,False
1741633900317,77670.67,0.08,False
1741633900411,77669.17,0.00053,True
1741633900414,77669.18,7e-05,False
1741633900414,77669.18,7e-05,False
1741633900414,77669.18,0.0001,False
1741633900414,77669.18,0.00125,False
1741633900414,77669.19,0.00052,False
1741633900414,77669.94,7e-05,False
1741633900414,77669.98,7e-05,False
1741633900414,77669.98,7e-05,False
1741633900414,77669.98,7e-05,False
1741633900414,77669.99,0.00041,False
1741633900414,77669.99,0.00041,False
1741633900414,77669.99,7e-05,False
1741633900414,77669.99,0.00036,False
1741633900414,77669.99,0.00028,False
1741633900414,77670.87,0.00014,False
1741633900414,77671.99,7e-05,False
1741633900414,77671.99,7e-05,False
1741633900414,77671.99,7e-05,False
1741633900414,77672.0,0.002,False
1741633900414,77672.27,7e-05,False
1741633900414,77672.61,7e-05,False
1741633900414,77672.61,7e-05,False
1741633900414,77672.61,7e-05,False
1741633900414,77672.62,0.00655,False
1741633900488,77672.62,0.00065,False
1741633900509,77672.62,7e-05,False
1741633900509,77672.62,7e-05,False
1741633900509,77672.62,7e-05,False
1741633900509,77672.62,0.0001,False
1741633900509,77672.62,0.0001,False
1741633900509,77672.63,0.00017,False
1741633900509,77672.63,0.00013,False
1741633900509,77672.63,0.00014,False
1741633900509,77673.4,7e-05,False
1741633900509,77673.4,7e-05,False
1741633900509,77673.4,7e-05,False
1741633900509,77673.41,0.00039,False
1741633900509,77673.41,0.00017,False
1741633900509,77673.41,0.00017,False
1741633900509,77673.41,0.00017,False
1741633900509,77673.41,0.00604,False
1741633900571,77673.4,0.00032,True
1741633900604,77673.41,0.00013,False
1741633900604,77673.41,7e-05,False
1741633900604,77673.41,7e-05,False
1741633900604,77673.41,0.0001,False
1741633900604,77673.41,7e-05,False
1741633900604,77673.41,7e-05,False
1741633900604,77673.41,7e-05,False
1741633900604,77673.42,0.00017,False
1741633900604,77673.42,7e-05,False
1741633900604,77673.43,0.00128,False
1741633900604,77673.43,7e-05,False
1741633900604,77673.48,0.00014,False
1741633900604,77673.48,7e-05,False
1741633900604,77675.4,0.00056,False
1741633900604,77675.42,0.00013,False
1741633900604,77675.99,7e-05,False
1741633900604,77675.99,7e-05,False
1741633900604,77675.99,7e-05,False
1741633900604,77676.0,0.0001,False
1741633900604,77676.0,0.002,False
1741633900604,77676.01,0.001,False
1741633900604,77676.08,0.00027,False
1741633900604,77676.2,0.00014,False
1741633900604,77676.42,0.00032,False
1741633900604,77676.92,7e-05,False
1741633900604,77677.99,7e-05,False
1741633900604,77677.99,7e-05,False
1741633900604,77677.99,7e-05,False
1741633900604,77678.0,0.00934,False
1741633900609,77677.99,0.001,True
1741633900611,77677.99,0.00045,True
1741633900611,77677.99,0.00136,True
1741633900612,77677.99,0.0004,True
1741633900621,77677.99,0.01675,True
1741633900622,77677.99,0.01566,True
1741633900706,77678.0,0.00466,False
1741633900706,77678.0,0.019,False
1741633900706,77678.0,0.0001,False
1741633900706,77678.0,0.00613,False
1741633900706,77678.0,7e-05,False
1741633900706,77678.0,7e-05,False
1741633900706,77678.0,7e-05,False
1741633900706,77678.0,7e-05,False
1741633900706,77678.0,0.46335,False
1741633900706,77678.0,0.1232,False
1741633900706,77678.0,0.02713,False
1741633901001,77678.0,0.00137,False
1741633901018,77678.0,0.00013,False
1741633901034,77677.99,0.00239,True
1741633901034,77677.99,5e-05,True
1741633901037,77678.0,0.00052,False
1741633901157,77678.0,0.00277,False
1741633901419,77678.0,0.00101,False
1741633901421,77677.99,0.00244,True
1741633901700,77678.0,0.1053,False
1741633901700,77678.0,0.00522,False
1741633901703,77678.0,0.0002,False
1741633901907,77677.99,0.00694,True
1741633901907,77677.99,0.1035,True
1741633901907,77677.99,7e-05,True
1741633901907,77677.99,0.00014,True
1741633901907,77677.99,7e-05,True
1741633901907,77677.99,0.00014,True
1741633901907,77677.99,0.00044,True
1741633901907,77677.99,7e-05,True
1741633901907,77677.99,7e-05,True
1741633901907,77677.99,7e-05,True
1741633901907,77677.99,0.00128,True
1741633901907,77677.99,7e-05,True
1741633901907,77677.99,0.00436,True
1741633901907,77677.99,0.00016,True
1741633901907,77677.99,0.0001,True
1741633901907,77677.99,0.0001,True
1741633901907,77677.99,0.0001,True
1741633901907,77677.98,0.00013,True
1741633901907,77677.98,0.00014,True
1741633901907,77677.98,0.00013,True
1741633901907,77677.98,7e-05,True
1741633901907,77677.98,7e-05,True
1741633901907,77677.87,7e-05,True
1741633901907,77677.87,7e-05,True
1741633901907,77677.85,7e-05,True
1741633901907,77677.85,7e-05,True
1741633901907,77677.83,7e-05,True
1741633901907,77677.83,7e-05,True
1741633901907,77677.82,7e-05,True
1741633901907,77677.81,7e-05,True
1741633901907,77677.8,7e-05,True
1741633901907,77674.05,7e-05,True
1741633901907,77674.05,7e-05,True
1741633901907,77674.05,7e-05,True
1741633901939,77674.05,0.00016,False
1741633902105,77674.05,6e-05,False
1741633902521,77674.04,7e-05,True
1741633902521,77674.04,0.00013,True
1741633902521,77674.04,7e-05,True
1741633902521,77674.04,7e-05,True
1741633902521,77674.04,7e-05,True
1741633902521,77674.04,7e-05,True
1741633902521,77674.04,7e-05,True
1741633902521,77674.04,0.00024,True
1741633902521,77674.03,0.00013,True
1741633902521,77674.03,7e-05,True
1741633902521,77674.03,0.00014,True
1741633902521,77674.03,0.00014,True
1741633902521,77674.03,7e-05,True
1741633902521,77674.01,7e-05,True
1741633902521,77674.01,7e-05,True
1741633902521,77674.0,7e-05,True
1741633902521,77674.0,7e-05,True
1741633902521,77673.96,7e-05,True
1741633902521,77673.96,7e-05,True
1741633902521,77673.93,7e-05,True
1741633902521,77673.83,7e-05,True
1741633902521,77673.83,7e-05,True
1741633902521,77673.01,7e-05,True
1741633902521,77672.01,7e-05,True
1741633902521,77672.01,7e-05,True
1741633902521,77672.01,7e-05,True
1741633902521,77671.25,7e-05,True
1741633902521,77671.25,7e-05,True
1741633902521,77671.25,0.00011,True
1741633902521,77671.25,0.00011,True
1741633902521,77671.25,7e-05,True
1741633902521,77671.24,0.04,True
1741633902521,77671.24,0.02,True
1741633902521,77670.05,0.00015,True
1741633902521,77670.05,0.00015,True
1741633902521,77670.05,0.00015,True
1741633902521,77670.0,0.014,True
1741633902521,77669.98,0.00595,True
1741633902521,77669.45,0.00013,True
1741633902521,77669.45,0.00013,True
1741633902521,77669.45,7e-05,True
1741633902521,77669.45,7e-05,True
1741633902521,77669.45,7e-05,True
1741633902521,77669.44,0.08,True
1741633902521,77668.49,0.001,True
1741633902521,77668.0,0.014,True
1741633902521,77667.26,0.00014,True
1741633902521,77666.64,7e-05,True
1741633902521,77666.64,7e-05,True
1741633902521,77666.64,7e-05,True
1741633902521,77666.63,0.06235,True
1741633902521,77666.41,0.15352,True
1741633902729,77666.41,0.0001,True
1741633902729,77666.41,7e-05,True
1741633902729,77666.41,3e-05,True
1741633902818,77666.41,4e-05,True
1741633902818,77666.41,7e-05,True
1741633902818,77666.41,7e-05,True
1741633902818,77666.41,0.00013,True
1741633902818,77666.41,7e-05,True
1741633902818,77666.41,7e-05,True
1741633902818,77666.41,0.00302,True
1741633902818,77666.41,0.00101,True
1741633902818,77666.41,0.0001,True
1741633902818,77666.41,0.07725,True
1741633902818,77666.41,0.0001,True
1741633902818,77666.41,7e-05,True
1741633902818,77666.41,0.00643,True
1741633902818,77666.41,0.0001,True
1741633902818,77666.41,0.0001,True
1741633902818,77666.4,0.0003,True
1741633902818,77666.4,7e-05,True
1741633902818,77666.4,7e-05,True
1741633902818,77666.4,0.00013,True
1741633902818,77666.4,0.00014,True
1741633902818,77666.4,0.00014,True
1741633902818,77666.22,7e-05,True
1741633902818,77666.22,7e-05,True
1741633902818,77666.21,7e-05,True
1741633902818,77666.21,7e-05,True
1741633902818,77666.01,7e-05,True
1741633902818,77666.01,7e-05,True
1741633902818,77666.01,0.00021,True
1741633902818,77666.01,0.00021,True
1741633902818,77666.0,7e-05,True
1741633902818,77665.82,0.00022,True
1741633902818,77665.81,7e-05,True
1741633902818,77665.81,7e-05,True
1741633902818,77665.81,7e-05,True
1741633902818,77665.81,8e-05,True
1741633902818,77665.81,8e-05,True
1741633902818,77665.81,7e-05,True
1741633902818,77665.8,0.07725,True
1741633902818,77665.8,7e-05,True
1741633902818,77665.78,5e-05,True
1741633902818,77665.78,4e-05,True
1741633902818,77665.78,9e-05,True
1741633902818,77665.53,0.00699,True
1741633902818,77665.53,0.00506,True
1741633902818,77665.22,7e-05,True
1741633902818,77665.22,7e-05,True
1741633902818,77665.22,0.0001,True
1741633902818,77665.22,0.0001,True
1741633902818,77665.22,7e-05,True
1741633902818,77665.21,0.07671,True
1741633902821,77665.21,0.00054,True
1741633902821,77664.77,0.0001,True
1741633902824,77665.21,0.0001,True
1741633902824,77665.21,0.0001,True
1741633902824,77665.21,7e-05,True
1741633902824,77665.21,0.0001,True
1741633902824,77665.21,7e-05,True
1741633902824,77665.21,7e-05,True
1741633902824,77665.21,7e-05,True
1741633902824,77665.21,7e-05,True
1741633902824,77665.21,7e-05,True
1741633902824,77665.21,0.0001,True
1741633902824,77665.21,0.0001,True
1741633902824,77665.21,7e-05,True
1741633902824,77664.77,1e-05,True
1741633902824,77664.77,0.00011,True
1741633902824,77664.77,7e-05,True
1741633902824,77664.52,7e-05,True
1741633902824,77664.52,7e-05,True
1741633902824,77663.22,0.00014,True
1741633902824,77663.22,0.00013,True
1741633902824,77663.22,0.00014,True
1741633902824,77662.26,0.0001,True
1741633902824,77662.01,7e-05,True
1741633902824,77662.01,7e-05,True
1741633902824,77662.01,7e-05,True
1741633902824,77661.68,0.00013,True
1741633902824,77661.68,7e-05,True
1741633902824,77660.9,0.00032,True
1741633902824,77660.9,7e-05,True
1741633902824,77660.34,7e-05,True
1741633902824,77660.34,7e-05,True
1741633902824,77660.34,7e-05,True
1741633902824,77660.33,0.00054,True
1741633902916,77660.33,7e-05,True
1741633902916,77660.33,0.00014,True
1741633902916,77660.33,0.00014,True
1741633902916,77660.33,0.0003,True
1741633902916,77660.33,0.0001,True
1741633902916,77660.33,0.0001,True
1741633902916,77660.33,0.0001,True
1741633902916,77660.32,0.00013,True
1741633902916,77660.32,0.00014,True
1741633902916,77660.32,7e-05,True
1741633902916,77660.31,0.00014,True
1741633902916,77660.31,7e-05,True
1741633902916,77660.23,7e-05,True
1741633902916,77660.22,7e-05,True
1741633902916,77660.01,7e-05,True
1741633902916,77660.0,7e-05,True
1741633902916,77659.54,0.00018,True
1741633902916,77659.54,7e-05,True
1741633902916,77658.66,7e-05,True
1741633902916,77658.66,7e-05,True
1741633902916,77658.66,7e-05,True
1741633903043,77657.86,0.003,True
1741633903043,77657.86,7e-05,True
1741633903043,77657.86,0.00014,True
1741633903043,77657.86,0.0001,True
1741633903043,77657.86,0.0001,True
1741633903043,77657.86,0.0001,True
1741633903043,77657.86,0.00129,True
1741633903043,77657.85,0.00012,True
1741633903043,77657.85,7e-05,True
1741633903043,77657.85,0.00014,True
1741633903043,77657.53,7e-05,True
1741633903043,77656.57,7e-05,True
1741633903043,77656.01,0.00022,True
1741633903043,77656.01,0.00018,True
1741633903043,77656.01,0.00022,True
1741633903043,77656.01,7e-05,True
1741633903043,77656.01,7e-05,True
1741633903043,77656.01,7e-05,True
1741633903043,77656.01,7e-05,True
1741633903043,77656.0,7e-05,True
1741633903043,77656.0,0.014,True
1741633903043,77655.98,7e-05,True
1741633903043,77655.6,7e-05,True
1741633903043,77654.48,7e-05,True
1741633903043,77654.48,7e-05,True
1741633903043,77654.48,7e-05,True
1741633903043,77654.47,0.00361,True
1741633903109,77654.48,0.00027,False
1741633903114,77654.47,0.0001,True
1741633903114,77654.47,0.0001,True
1741633903114,77654.47,0.0001,True
1741633903114,77654.47,7e-05,True
1741633903114,77654.47,0.02568,True
1741633903114,77654.46,0.00017,True
1741633903114,77654.46,0.00013,True
1741633903114,77654.46,7e-05,True
1741633903114,77654.45,0.00013,True
1741633903114,77654.45,7e-05,True
1741633903114,77654.43,7e-05,True
1741633903114,77654.01,7e-05,True
1741633903114,77654.01,7e-05,True
1741633903114,77654.01,0.0001,True
1741633903114,77654.01,7e-05,True
1741633903114,77654.01,0.0001,True
1741633903114,77654.01,0.0001,True
1741633903114,77654.01,7e-05,True
1741633903114,77654.0,0.01273,True
1741633903149,77654.01,0.00101,False
1741633903239,77654.0,7e-05,True
1741633903239,77654.0,7e-05,True
1741633903239,77654.0,7e-05,True
1741633903239,77654.0,7e-05,True
1741633903239,77654.0,0.00014,True
1741633903239,77654.0,0.0001,True
1741633903239,77654.0,0.0001,True
1741633903239,77654.0,0.0001,True
1741633903239,77654.0,7e-05,True
1741633903239,77654.0,7e-05,True
1741633903239,77653.99,0.00014,True
1741633903239,77653.99,7e-05,True
1741633903239,77653.99,7e-05,True
1741633903239,77653.93,7e-05,True
1741633903239,77653.93,7e-05,True
1741633903239,77653.92,7e-05,True
1741633903239,77653.92,7e-05,True
1741633903239,77653.61,0.001,True
1741633903239,77653.61,7e-05,True
1741633903239,77653.61,7e-05,True
1741633903239,77653.22,7e-05,True
1741633903239,77652.88,7e-05,True
1741633903239,77652.88,7e-05,True
1741633903239,77652.83,7e-05,True
1741633903239,77652.52,0.00013,True
1741633903239,77652.01,7e-05,True
1741633903239,77652.01,7e-05,True
1741633903239,77652.01,7e-05,True
1741633903256,77651.4,0.0012,False
1741633903277,77651.4,0.0002,False
1741633903297,77651.4,0.0012,False
1741633903407,77651.39,0.00016,True
1741633903407,77651.39,9e-05,True
1741633903464,77651.4,0.00128,False
1741633903499,77651.4,0.039,False
1741633903532,77651.4,0.0001,False
1741633903532,77651.4,0.00013,False
1741633903532,77651.4,7e-05,False
1741633903532,77651.4,7e-05,False
1741633903532,77651.4,7e-05,False
1741633903532,77651.4,7e-05,False
1741633903532,77651.4,7e-05,False
1741633903532,77651.4,0.0001,False
1741633903532,77651.4,7e-05,False
1741633903532,77651.4,7e-05,False
1741633903532,77651.4,7e-05,False
1741633903532,77651.4,7e-05,False
1741633903532,77651.4,0.0001,False
1741633903532,77651.4,0.0001,False
1741633903532,77651.4,0.0001,False
1741633903532,77651.41,0.00014,False
1741633903532,77651.41,0.00013,False
1741633903532,77651.41,7e-05,False
1741633903532,77651.97,7e-05,False
1741633903532,77651.99,7e-05,False
1741633903532,77651.99,7e-05,False
1741633903532,77651.99,7e-05,False
1741633903532,77651.99,7e-05,False
1741633903532,77652.0,7e-05,False
1741633903532,77654.01,0.00216,False
1741633903547,77654.01,0.00139,False
1741633903547,77654.01,0.00167,False
1741633903547,77654.01,0.00187,False
1741633903547,77654.01,0.0001,False
1741633903547,77654.01,0.03397,False
1741633903561,77654.01,7e-05,False
1741633903561,77654.01,7e-05,False
1741633903561,77654.01,7e-05,False
1741633903561,77654.01,7e-05,False
1741633903561,77654.01,7e-05,False
1741633903561,77654.01,0.0001,False
1741633903561,77654.01,0.0001,False
1741633903561,77654.01,0.00013,False
1741633903561,77654.01,0.0001,False
1741633903561,77654.01,7e-05,False
1741633903561,77654.01,7e-05,False
1741633903561,77654.01,7e-05,False
1741633903561,77654.02,0.00012,False
1741633903561,77654.02,7e-05,False
1741633903561,77654.73,7e-05,False
1741633903561,77654.73,7e-05,False
1741633903561,77654.73,0.00012,False
1741633903561,77654.73,7e-05,False
1741633903561,77654.73,7e-05,False
1741633903561,77654.74,0.0006,False
1741633903626,77654.74,0.0184,False
1741633903704,77654.74,0.00011,False
1741633903732,77654.73,0.00019,True
1741633903759,77654.74,7e-05,False
1741633903759,77654.74,7e-05,False
1741633903759,77654.74,7e-05,False
1741633903759,77654.74,0.0001,False
1741633903759,77654.74,7e-05,False
1741633903759,77654.74,7e-05,False
1741633903759,77654.74,0.0001,False
1741633903759,77654.74,0.0001,False
1741633903759,77654.74,0.00013,False
1741633903759,77654.75,0.00013,False
1741633903759,77654.75,7e-05,False
1741633903759,77654.75,0.00014,False
1741633903759,77654.75,0.00013,False
1741633903759,77654.94,7e-05,False
1741633903759,77654.95,7e-05,False
1741633903759,77655.94,7e-05,False
1741633903759,77655.99,7e-05,False
1741633903759,77655.99,7e-05,False
1741633903759,77655.99,7e-05,False
1741633903759,77656.0,0.014,False
1741633903759,77656.65,7e-05,False
1741633903759,77656.65,7e-05,False
1741633903759,77656.65,7e-05,False
1741633903759,77656.66,7e-05,False
1741633903759,77656.66,7e-05,False
1741633903759,77656.66,7e-05,False
1741633903789,77656.67,0.039,False
1741633903820,77656.67,0.02,False
1741633903968,77656.67,0.7913,False
1741633903968,77656.67,0.0001,False
1741633903968,77656.67,0.17115,False
1741633903968,77656.67,7e-05,False
1741633903968,77656.67,7e-05,False
1741633903968,77656.67,7e-05,False
1741633903968,77656.67,7e-05,False
1741633903968,77656.67,7e-05,False
1741633903968,77656.67,0.0001,False
1741633903968,77656.67,0.0001,False
1741633903968,77656.67,0.00014,False
1741633903968,77656.68,0.00014,False
1741633903968,77656.68,7e-05,False
1741633903968,77656.68,0.00014,False
1741633903968,77656.68,0.00014,False
1741633903968,77656.68,0.00013,False
1741633903968,77656.91,7e-05,False
1741633903968,77656.92,7e-05,False
1741633903968,77657.86,0.00019,False
1741633903968,77657.86,0.00016,False
1741633903968,77657.86,0.00019,False
1741633903968,77657.86,7e-05,False
1741633903968,77657.87,0.00128,False
1741633903968,77657.99,7e-05,False
1741633903968,77657.99,7e-05,False
1741633903968,77657.99,7e-05,False
1741633903968,77658.0,0.014,False
1741633903968,77658.41,7e-05,False
1741633903968,77658.41,7e-05,False
1741633903968,77658.41,7e-05,False
1741633903968,77658.42,7e-05,False
1741633903968,77658.42,7e-05,False
1741633903968,77658.42,0.19594,False
1741633903968,77658.42,7e-05,False
1741633903968,77658.43,0.65,False
1741633903968,77658.95,8e-05,False
1741633903968,77658.95,0.00179,False
1741633903968,77659.17,0.003,False
1741633903968,77660.0,0.014,False
1741633903968,77660.33,0.01959,False
1741633903968,77660.33,0.01615,False
1741633903968,77660.34,0.04923,False
1741633903968,77661.09,0.00014,False
1741633903968,77662.0,0.014,False
1741633903968,77662.28,0.05096,False
1741633903968,77662.87,0.0046,False
1741633904029,77662.87,0.02,False
1741633904044,77662.87,0.038,False
1741633904047,77662.87,0.001,False
1741633904073,77662.87,0.003,False
1741633904235,77662.87,0.01,False
1741633904307,77662.86,0.00071,True
1741633904307,77662.86,0.0006,True
1741633904307,77662.86,0.00543,True
1741633904334,77662.87,0.00297,False
1741633904474,77662.86,0.10113,True
1741633904476,77662.87,0.00019,False
1741633904506,77662.87,0.0031,False
1741633904538,77662.87,7e-05,False
1741633904538,77662.87,7e-05,False
1741633904538,77662.87,7e-05,False
1741633904538,77662.87,7e-05,False
1741633904538,77662.87,0.0001,False
1741633904538,77662.87,0.001,False
1741633904538,77662.87,7e-05,False
1741633904538,77662.87,0.00013,False
1741633904538,77662.87,0.00014,False
1741633904538,77662.87,0.0001,False
1741633904538,77662.87,0.0001,False
1741633904538,77662.88,0.00031,False
1741633904538,77662.88,7e-05,False
1741633904538,77662.88,0.00013,False
1741633904538,77662.88,0.00014,False
1741633904538,77662.88,0.00014,False
1741633904538,77663.01,0.0001,False
1741633904538,77663.01,7e-05,False
1741633904538,77663.28,7e-05,False
1741633904538,77663.28,7e-05,False
1741633904538,77663.28,7e-05,False
1741633904538,77663.28,7e-05,False
1741633904538,77663.29,0.00603,False
1741633904538,77663.29,7e-05,False
1741633904538,77663.41,7e-05,False
1741633904538,77663.41,7e-05,False
1741633904538,77663.41,7e-05,False
1741633904538,77663.42,0.02953,False
1741633904595,77663.42,0.00027,False
1741633904595,77663.42,0.00027,False
1741633904595,77663.42,0.00027,False
1741633904595,77663.42,7e-05,False
1741633904595,77663.42,7e-05,False
1741633904595,77663.42,7e-05,False
1741633904595,77663.42,7e-05,False
1741633904595,77663.42,7e-05,False
1741633904595,77663.42,7e-05,False
1741633904595,77663.42,0.00014,False
1741633904595,77663.42,7e-05,False
1741633904595,77663.42,7e-05,False
1741633904595,77663.42,7e-05,False
1741633904595,77663.42,7e-05,False
1741633904595,77663.42,0.0001,False
1741633904595,77663.42,0.0001,False
1741633904595,77663.42,0.0001,False
1741633904595,77663.42,7e-05,False
1741633904595,77663.42,7e-05,False
1741633904595,77663.73,7e-05,False
1741633904595,77664.51,7e-05,False
1741633904595,77664.51,7e-05,False
1741633904595,77664.94,7e-05,False
1741633904595,77664.95,7e-05,False
1741633904595,77666.06,5e-05,False
1741633904597,77666.05,0.00396,True
1741633904652,77666.06,7e-05,False
1741633904652,77666.06,7e-05,False
1741633904652,77666.06,7e-05,False
1741633904652,77666.06,0.00679,False
1741633904718,77666.05,0.015,True
1741633904736,77666.05,0.00019,True
1741633904815,77666.06,0.01059,False
1741633905028,77666.06,0.00031,False
1741633905042,77666.06,0.00012,False
1741633905078,77666.06,0.00129,False
1741633905115,77666.06,0.01728,False
1741633905115,77666.06,7e-05,False
1741633905115,77666.06,7e-05,False
1741633905115,77666.06,7e-05,False
1741633905115,77666.06,7e-05,False
1741633905115,77666.06,7e-05,False
1741633905115,77666.06,0.0001,False
1741633905115,77666.06,0.00014,False
1741633905115,77666.06,0.00014,False
1741633905115,77666.06,7e-05,False
1741633905115,77666.06,0.0001,False
1741633905115,77666.06,0.0001,False
1741633905115,77666.06,0.0001,False
1741633905115,77666.06,0.0001,False
1741633905115,77666.07,0.00014,False
1741633905115,77666.07,0.00014,False
1741633905115,77666.07,7e-05,False
1741633905115,77666.83,7e-05,False
1741633905115,77666.83,7e-05,False
1741633905115,77666.92,0.0002,False
1741633905115,77666.92,7e-05,False
1741633905115,77666.93,7e-05,False
1741633905115,77666.94,0.00018,False
1741633905115,77666.94,0.00018,False
1741633905115,77666.94,0.00018,False
1741633905115,77666.94,7e-05,False
1741633905115,77666.94,7e-05,False
1741633905115,77666.94,7e-05,False
1741633905145,77666.95,0.00101,False
1741633905215,77666.95,0.00674,False
1741633905306,77666.95,0.00015,False
1741633905399,77666.95,0.0235,False
1741633905526,77666.94,0.00128,True
1741633905574,77666.95,0.09392,False
1741633905640,77666.95,0.501,False
1741633905642,77666.95,0.013,False
1741633905653,77666.95,0.00128,False
1741633905670,77666.95,0.00268,False
1741633905700,77666.94,0.00011,True
1741633905703,77666.94,0.00019,True
1741633905703,77666.94,0.0002,True
1741633905703,77666.94,0.0002,True
1741633905703,77666.94,0.0103,True
1741633905738,77666.94,0.0002,True
1741633905813,77666.95,0.01,False
1741633905897,77666.95,0.00133,False
1741633905920,77666.94,0.096,True
1741633906004,77666.95,0.02,False
1741633906048,77666.94,7e-05,True
1741633906048,77666.94,7e-05,True
1741633906048,77666.94,7e-05,True
1741633906048,77666.94,7e-05,True
1741633906048,77666.94,7e-05,True
1741633906048,77666.94,7e-05,True
1741633906048,77666.94,0.00013,True
1741633906048,77666.94,0.04582,True
1741633906051,77666.94,0.02283,True
1741633906051,77666.94,0.0001,True
1741633906051,77666.94,0.00132,True
1741633906051,77666.94,0.0001,True
1741633906051,77666.94,0.0001,True
1741633906051,77666.94,0.0001,True
1741633906051,77666.93,7e-05,True
1741633906051,77666.93,7e-05,True
1741633906051,77666.93,0.00014,True
1741633906051,77666.93,0.00013,True
1741633906051,77666.93,0.00014,True
1741633906051,77666.93,7e-05,True
1741633906051,77666.93,7e-05,True
1741633906051,77666.93,8e-05,True
1741633906051,77666.93,8e-05,True
1741633906051,77666.93,7e-05,True
1741633906052,77666.92,7e-05,True
1741633906052,77666.92,7e-05,True
1741633906052,77666.92,0.12906,True
1741633906053,77666.92,0.11196,True
1741633906070,77666.93,0.00012,False
1741633906075,77666.92,7e-05,True
1741633906075,77666.92,2e-05,True
1741633906134,77666.92,5e-05,True
1741633906134,77666.92,7e-05,True
1741633906134,77666.92,7e-05,True
1741633906134,77666.92,7e-05,True
1741633906134,77666.92,7e-05,True
1741633906134,77666.92,0.0001,True
1741633906134,77666.92,7e-05,True
1741633906134,77666.92,0.0001,True
1741633906134,77666.92,7e-05,True
1741633906134,77666.92,7e-05,True
1741633906134,77666.92,0.0001,True
1741633906134,77666.92,0.0001,True
1741633906134,77666.91,7e-05,True
1741633906134,77666.91,7e-05,True
1741633906134,77666.91,0.00013,True
1741633906134,77666.84,7e-05,True
1741633906134,77666.84,1e-05,True
1741633906134,77666.84,6e-05,True
1741633906134,77666.84,7e-05,True
1741633906134,77666.82,7e-05,True
1741633906134,77666.82,7e-05,True
1741633906134,77666.06,7e-05,True
1741633906134,77666.06,7e-05,True
1741633906134,77666.01,7e-05,True
1741633906134,77666.0,7e-05,True
1741633906134,77664.52,7e-05,True
1741633906134,77664.01,7e-05,True
1741633906134,77664.01,7e-05,True
1741633906134,77664.01,7e-05,True
1741633906134,77664.01,7e-05,True
1741633906134,77664.01,0.00011,False
1741633906242,77664.0,7e-05,True
1741633906242,77664.0,7e-05,True
1741633906242,77664.0,6e-05,True
1741633906372,77664.0,1e-05,True
1741633906372,77664.0,7e-05,True
1741633906372,77664.0,7e-05,True
1741633906372,77664.0,7e-05,True
1741633906372,77664.0,3e-05,True
1741633906459,77664.01,0.00193,False
1741633906582,77664.0,0.0001,True
1741633906582,77664.0,0.00014,True
1741633906582,77664.0,0.00014,True
1741633906582,77664.0,0.00014,True
1741633906582,77664.0,7e-05,True
1741633906582,77664.0,7e-05,True
1741633906582,77664.0,7e-05,True
1741633906582,77664.0,7e-05,True
1741633906582,77664.0,7e-05,True
1741633906582,77664.0,7e-05,True
1741633906582,77664.0,0.0001,True
1741633906582,77664.0,0.0001,True
1741633906582,77664.0,0.0001,True
1741633906582,77663.99,0.00014,True
1741633906582,77663.99,0.00013,True
1741633906582,77663.99,0.00013,True
1741633906582,77663.99,0.00013,True
1741633906582,77663.99,7e-05,True
1741633906582,77663.99,7e-05,True
1741633906582,77663.74,7e-05,True
1741633906582,77663.74,7e-05,True
1741633906582,77663.74,7e-05,True
1741633906582,77663.45,7e-05,True
1741633906582,77663.45,7e-05,True
1741633906582,77662.87,7e-05,True
1741633906582,77662.87,7e-05,True
1741633906582,77662.87,7e-05,True
1741633906582,77662.87,7e-05,True
1741633906582,77662.87,7e-05,True
1741633906582,77662.86,0.00151,True
1741633906582,77662.86,7e-05,True
1741633906582,77662.19,7e-05,True
1741633906582,77662.19,7e-05,True
1741633906582,77662.06,7e-05,True
1741633906582,77660.4,8e-05,True
1741633906582,77660.39,7e-05,True
1741633906582,77660.39,7e-05,True
1741633906582,77660.39,7e-05,True
1741633906582,77660.38,7e-05,True
1741633906582,77660.38,7e-05,True
1741633906582,77660.38,7e-05,True
1741633906583,77660.38,0.00109,False
1741633906635,77660.38,0.0002,False
1741633906679,77660.38,0.00031,False
1741633907067,77660.38,0.00541,False
1741633907067,77660.38,0.03321,False
1741633907077,77660.38,0.00193,False
1741633907078,77660.38,0.00103,False
1741633907212,77660.38,0.00101,False
1741633907243,77660.37,0.0002,True
1741633907424,77660.38,6e-05,False
1741633907437,77660.37,7e-05,True
1741633907442,77660.37,0.00927,True
1741633907444,77660.37,0.00802,True
1741633907476,77660.37,0.0024,True
1741633907523,77660.37,0.03873,True
1741633907523,77660.37,7e-05,True
1741633907523,77660.37,7e-05,True
1741633907523,77660.37,7e-05,True
1741633907523,77660.37,7e-05,True
1741633907523,77660.37,0.00013,True
1741633907523,77660.37,7e-05,True
1741633907523,77660.37,0.0001,True
1741633907523,77660.37,7e-05,True
1741633907523,77660.37,0.0001,True
1741633907523,77660.37,0.0001,True
1741633907523,77660.37,0.0001,True
1741633907523,77660.37,0.0001,True
1741633907523,77660.37,0.0001,True
1741633907523,77660.36,0.00018,True
1741633907523,77660.36,0.00014,True
1741633907523,77660.36,0.00013,True
1741633907523,77660.36,0.00014,True
1741633907523,77660.36,7e-05,True
1741633907523,77660.36,7e-05,True
1741633907523,77660.02,7e-05,True
1741633907523,77660.02,7e-05,True
1741633907523,77660.01,7e-05,True
1741633907523,77660.01,7e-05,True
1741633907523,77660.01,0.0002,True
1741633907523,77660.01,0.0002,True
1741633907523,77660.01,0.0002,True
1741633907523,77660.01,7e-05,True
1741633907523,77660.01,7e-05,True
1741633907523,77660.01,7e-05,True
1741633907541,77660.0,7e-05,True
1741633907541,77660.0,0.0001,True
1741633907541,77660.0,0.0001,True
1741633907541,77660.0,0.0001,True
1741633907541,77660.0,7e-05,True
1741633907541,77660.0,7e-05,True
1741633907541,77660.0,7e-05,True
1741633907541,77660.0,7e-05,True
1741633907541,77660.0,7e-05,True
1741633907541,77659.99,0.00014,True
1741633907541,77659.99,7e-05,True
1741633907541,77659.99,7e-05,True
1741633907541,77659.86,7e-05,True
1741633907541,77659.86,7e-05,True
1741633907541,77659.81,7e-05,True
1741633907541,77659.81,7e-05,True
1741633907541,77659.8,7e-05,True
1741633907541,77659.8,7e-05,True
1741633907541,77658.31,7e-05,True
1741633907541,77658.01,7e-05,True
1741633907541,77658.01,7e-05,True
1741633907541,77658.01,7e-05,True
1741633907541,77658.01,7e-05,True
1741633907594,77658.0,7e-05,True
1741633907594,77658.0,7e-05,True
1741633907594,77658.0,7e-05,True
1741633907594,77658.0,7e-05,True
1741633907594,77658.0,7e-05,True
1741633907594,77658.0,7e-05,True
1741633907594,77658.0,0.00013,True
1741633907594,77658.0,0.0001,True
1741633907594,77658.0,0.0001,True
1741633907594,77658.0,0.0001,True
1741633907594,77657.99,0.00012,True
1741633907594,77657.99,7e-05,True
1741633907594,77657.99,7e-05,True
1741633907594,77657.88,7e-05,True
1741633907594,77657.88,7e-05,True
1741633907594,77657.88,7e-05,True
1741633907594,77657.88,7e-05,True
1741633907594,77657.88,0.0001,True
1741633907594,77657.88,0.0001,True
1741633907594,77657.88,0.0001,True
1741633907594,77657.88,7e-05,True
1741633907594,77657.87,0.00257,True
1741633907594,77657.87,7e-05,True
1741633907594,77657.87,7e-05,True
1741633907594,77657.53,7e-05,True
1741633907594,77657.53,7e-05,True
1741633907594,77657.53,7e-05,True
1741633907594,77657.1,7e-05,True
1741633907594,77656.76,7e-05,True
1741633907594,77656.76,7e-05,True
1741633907594,77656.02,7e-05,True
1741633907594,77656.01,7e-05,True
1741633907594,77656.01,7e-05,True
1741633907594,77656.01,7e-05,True
1741633907594,77655.6,0.00014,True
1741633907594,77655.47,0.00101,True
1741633907594,77655.01,7e-05,True
1741633907594,77655.01,7e-05,True
1741633907594,77655.01,9e-05,True
1741633907594,77655.01,9e-05,True
1741633907594,77655.01,7e-05,True
1741633907614,77655.01,0.00109,False
1741633907667,77655.01,0.00128,False
1741633907730,77655.0,0.03286,True
1741633907743,77655.0,0.0002,True
1741633907771,77655.0,0.00042,True
1741633907968,77655.0,0.0001,True
1741633907968,77655.0,7e-05,True
1741633907968,77655.0,7e-05,True
1741633907968,77655.0,7e-05,True
1741633907968,77655.0,7e-05,True
1741633907968,77655.0,7e-05,True
1741633907968,77655.0,7e-05,True
1741633907968,77655.0,0.00181,True
1741633907968,77655.0,0.0001,True
1741633907968,77655.0,0.00014,True
1741633907968,77655.0,0.0001,True
1741633907968,77655.0,7e-05,True
1741633907968,77655.0,0.0001,True
1741633907968,77655.0,0.0001,True
1741633907968,77655.0,0.0001,True
1741633907968,77655.0,0.0001,True
1741633907968,77655.0,0.01607,True
1741633907968,77655.0,0.01,True
1741633908053,77655.0,0.0001,True
1741633908053,77655.0,0.0001,True
1741633908053,77655.0,0.0001,True
1741633908053,77655.0,7e-05,True
1741633908053,77655.0,7e-05,True
1741633908053,77655.0,7e-05,True
1741633908053,77655.0,7e-05,True
1741633908053,77655.0,7e-05,True
1741633908053,77655.0,7e-05,True
1741633908053,77655.0,0.00993,True
1741633908116,77655.0,0.04,True
1741633908147,77655.01,0.00539,False
1741633908147,77655.01,0.00362,False
1741633908247,77655.0,0.0001,True
1741633908247,77655.0,0.0001,True
1741633908247,77655.0,0.0001,True
1741633908247,77655.0,7e-05,True
1741633908247,77655.0,7e-05,True
1741633908247,77655.0,7e-05,True
1741633908247,77655.0,7e-05,True
1741633908247,77655.0,7e-05,True
1741633908247,77655.0,7e-05,True
1741633908247,77655.0,0.00948,True
1741633908290,77655.01,0.039,False
1741633908300,77655.01,0.01,False
1741633908303,77655.01,0.029,False
1741633908320,77655.01,0.002,False
1741633908322,77655.01,0.00512,False
1741633908322,77655.01,0.01488,False
1741633908375,77655.01,0.01,False
1741633908398,77655.01,0.02051,False
1741633908408,77655.01,0.00031,False
1741633908486,77655.01,0.00025,False
1741633908578,77655.0,0.00917,True
1741633908817,77655.0,0.00048,True
1741633908838,77655.01,0.00038,False
1741633908857,77655.01,0.00131,False
1741633908890,77655.01,0.00011,False
1741633908985,77655.01,0.00081,False
1741633909176,77655.01,7e-05,False
1741633909176,77655.01,0.00013,False
1741633909176,77655.01,7e-05,False
1741633909176,77655.01,0.00073,False
1741633909247,77655.0,0.0002,True
1741633909254,77655.01,0.00103,False
1741633909474,77655.01,0.00453,False
1741633909695,77655.01,0.00201,False
1741633909695,77655.01,7e-05,False
1741633909695,77655.01,7e-05,False
1741633909695,77655.01,0.00027,False
1741633909695,77655.01,7e-05,False
1741633909695,77655.01,7e-05,False
1741633909695,77655.01,7e-05,False
1741633909695,77655.01,0.0001,False
1741633909695,77655.01,0.0001,False
1741633909695,77655.01,7e-05,False
1741633909695,77655.01,0.00013,False
1741633909695,77655.01,0.0001,False
1741633909695,77655.01,0.0001,False
1741633909695,77655.01,0.0001,False
1741633909695,77655.01,0.0001,False
1741633909695,77655.01,7e-05,False
1741633909695,77655.01,0.00057,False
1741633909695,77655.01,7e-05,False
1741633909695,77655.02,0.00055,False
1741633909695,77655.02,0.00013,False
1741633909695,77655.02,0.00013,False
1741633909695,77655.02,7e-05,False
1741633909695,77655.02,0.00014,False
1741633909695,77655.06,7e-05,False
1741633909695,77655.07,7e-05,False
1741633909695,77655.07,9e-05,False
1741633909695,77655.08,7e-05,False
1741633909695,77656.75,7e-05,False
1741633909695,77658.01,0.00018,False
1741633909695,77658.3,7e-05,False
1741633909695,77659.73,7e-05,False
1741633909695,77659.73,7e-05,False
1741633909695,77659.73,7e-05,False
1741633909720,77660.0,7e-05,False
1741633909720,77660.0,0.01193,False
1741633909747,77659.99,0.00019,True
1741633909748,77660.0,0.00707,False
1741633909748,77660.0,0.0001,False
1741633909748,77660.0,0.01283,False
1741633909768,77660.0,0.00057,False
1741633909768,77660.0,0.00428,False
1741633909768,77660.0,7e-05,False
1741633909768,77660.0,7e-05,False
1741633909768,77660.0,0.00101,False
1741633909768,77660.0,0.006,False
1741633909818,77659.99,0.00048,True
1741633909888,77660.0,7e-05,False
1741633909888,77660.0,7e-05,False
1741633909888,77660.0,7e-05,False
1741633909888,77660.0,7e-05,False
1741633909888,77660.0,7e-05,False
1741633909888,77660.0,0.00014,False
1741633909888,77660.0,0.0001,False
1741633909888,77660.0,0.00052,False
1741633909888,77660.01,9e-05,False
1741633909888,77660.01,0.00057,False
1741633909888,77660.01,0.00013,False
1741633909888,77660.01,7e-05,False
1741633909888,77660.01,0.00014,False
1741633909888,77660.01,0.00014,False
1741633909888,77660.36,0.00011,False
1741633909888,77660.36,7e-05,False
1741633909888,77660.37,7e-05,False
1741633909888,77660.37,7e-05,False
1741633909888,77660.37,0.00011,False
1741633909888,77660.37,0.00011,False
1741633909888,77660.37,7e-05,False
1741633909888,77660.37,7e-05,False
1741633909888,77660.38,0.00303,False
1741633909888,77660.38,0.00124,False
1741633909890,77660.38,9e-05,False
1741633909890,77660.38,7e-05,False
1741633909910,77660.42,0.00032,True
1741633909922,77660.43,7e-05,False
1741633909922,77660.43,7e-05,False
1741633909922,77660.43,7e-05,False
1741633909922,77660.43,7e-05,False
1741633909922,77660.43,7e-05,False
1741633909922,77660.43,7e-05,False
1741633909922,77660.43,7e-05,False
1741633909922,77660.43,0.00052,False
1741633909922,77660.43,0.0001,False
1741633909922,77660.43,7e-05,False
1741633909922,77660.44,0.00913,False
1741633909922,77660.44,7e-05,False
1741633909922,77660.44,0.00058,False
1741633909922,77660.63,7e-05,False
1741633909922,77660.63,7e-05,False
1741633909922,77661.19,0.00142,False
1741633909922,77661.19,7e-05,False
1741633909922,77661.4,7e-05,False
1741633909922,77661.4,7e-05,False
1741633909922,77661.67,0.00013,False
1741633909922,77662.87,0.00065,False
1741633909977,77663.95,0.00051,False
1741633909977,77663.95,0.00018,False
1741633909977,77663.95,0.0002,False
1741633909977,77663.95,0.0001,False
1741633909977,77663.95,0.00018,False
1741633909977,77663.95,0.0001,False
1741633909977,77663.95,0.0001,False
1741633909977,77663.95,0.00018,False
1741633909977,77663.95,7e-05,False
1741633909977,77663.95,7e-05,False
1741633909977,77663.95,7e-05,False
1741633909977,77663.95,7e-05,False
1741633909977,77663.95,7e-05,False
1741633909977,77663.95,7e-05,False
1741633909977,77663.95,7e-05,False
1741633909977,77663.95,7e-05,False
1741633909977,77663.96,0.00113,False
1741633909977,77663.96,0.00013,False
1741633909977,77663.96,7e-05,False
1741633909977,77663.96,0.00014,False
1741633909977,77664.08,7e-05,False
1741633909977,77664.08,7e-05,False
1741633909977,77664.08,7e-05,False
1741633909977,77664.08,7e-05,False
1741633909977,77664.09,0.04723,False
1741633909977,77664.09,7e-05,False
1741633909977,77664.51,0.001,False
1741633909977,77664.51,7e-05,False
1741633909977,77665.79,9e-05,False
1741633910004,77666.06,0.0001,False
1741633910004,77666.06,0.0001,False
1741633910004,77666.06,7e-05,False
1741633910004,77666.06,7e-05,False
1741633910004,77666.06,0.0001,False
1741633910004,77666.06,7e-05,False
1741633910004,77666.06,7e-05,False
1741633910004,77666.06,7e-05,False
1741633910004,77666.06,0.00057,False
1741633910004,77666.07,0.00105,False
1741633910004,77666.07,0.00011,False
1741633910004,77666.07,0.00014,False
1741633910004,77666.19,0.00011,False
1741633910004,77666.21,7e-05,False
1741633910004,77666.21,7e-05,False
1741633910004,77666.21,7e-05,False
1741633910052,77666.22,0.00097,False
1741633910068,77666.22,0.02,False
1741633910078,77666.22,0.012,False
1741633910142,77666.22,0.0005,False
1741633910185,77666.22,0.00269,False
1741633910273,77666.22,0.02,False
1741633910409,77666.22,0.001,False
1741633910503,77666.22,0.0001,False
1741633910503,77666.22,0.03961,False
1741633910513,77666.21,0.00046,True
1741633910628,77666.22,0.011,False
1741633910732,77666.21,0.00954,True
1741633910732,77666.21,0.08478,True
1741633910732,77666.21,0.05273,True
1741633910732,77666.21,0.17698,True
1741633910732,77666.21,0.17698,True
1741633910732,77666.21,0.02,True
1741633910732,77666.21,0.46335,True
1741633910732,77666.21,0.04,True
1741633910732,77666.21,0.02564,True
1741633910753,77666.21,0.0002,True
1741633910893,77666.21,7e-05,True
1741633910893,77666.21,7e-05,True
1741633910893,77666.21,7e-05,True
1741633910893,77666.21,7e-05,True
1741633910893,77666.21,0.00013,True
1741633910893,77666.21,7e-05,True
1741633910893,77666.21,0.00021,True
1741633910918,77666.21,0.06251,True
1741633910918,77666.21,7e-05,True
1741633910918,77666.21,0.0001,True
1741633910918,77666.21,0.0011,True
1741633910918,77666.21,0.18363,True
1741633910918,77666.21,0.15203,True
1741633910918,77666.21,0.05521,True
1741633910918,77666.21,0.15535,True
1741633910924,77666.21,0.03393,True
1741633910924,77666.21,7e-05,True
1741633910924,77666.21,7e-05,True
1741633910924,77666.21,7e-05,True
1741633910924,77666.21,7e-05,True
1741633910924,77666.21,7e-05,True
1741633910924,77666.21,0.0001,True
1741633910924,77666.21,0.0001,True
1741633910924,77666.21,0.0001,True
1741633910924,77666.21,0.0001,True
1741633910924,77666.21,0.0001,True
1741633910924,77666.21,0.40978,True
1741633910924,77666.21,7e-05,True
1741633910924,77666.2,7e-05,True
1741633910924,77666.2,7e-05,True
1741633910924,77666.2,0.00014,True
1741633910924,77666.2,0.00014,True
1741633910924,77666.2,0.00014,True
1741633910924,77666.19,7e-05,True
1741633910924,77666.19,7e-05,True
1741633910924,77666.18,7e-05,True
1741633910924,77666.18,7e-05,True
1741633910924,77666.12,7e-05,True
1741633910924,77666.12,7e-05,True
1741633910924,77666.11,7e-05,True
1741633910924,77666.1,7e-05,True
1741633910924,77666.07,7e-05,True
1741633910924,77666.07,7e-05,True
1741633910924,77664.6,0.00026,True
1741633910924,77663.51,7e-05,True
1741633910924,77663.51,7e-05,True
1741633910924,77663.51,7e-05,True
1741633910924,77663.5,0.003,True
1741633910924,77662.97,7e-05,True
1741633910924,77662.84,7e-05,True
1741633910924,77662.84,7e-05,True
1741633910924,77662.84,7e-05,True
1741633910929,77662.83,0.00463,True
1741633910937,77662.83,0.01537,True
1741633910937,77662.83,0.0001,True
1741633910937,77662.83,0.04,True
1741633910937,77662.83,0.0001,True
1741633910937,77662.83,7e-05,True
1741633910937,77662.83,7e-05,True
1741633910937,77662.83,7e-05,True
1741633910937,77662.83,7e-05,True
1741633910937,77662.83,7e-05,True
1741633910937,77662.83,0.0001,True
1741633910937,77662.83,7e-05,True
1741633910937,77662.83,7e-05,True
1741633910937,77662.83,7e-05,True
1741633910937,77662.83,7e-05,True
1741633910937,77662.83,7e-05,True
1741633910937,77662.82,0.00016,True
1741633910937,77662.48,7e-05,True
1741633910937,77662.48,7e-05,True
1741633910937,77662.48,7e-05,True
1741633910937,77662.48,7e-05,True
1741633910937,77662.48,7e-05,True
1741633910937,77662.47,0.09385,True
1741633910937,77662.47,7e-05,True
1741633910937,77662.47,7e-05,True
1741633910937,77662.45,7e-05,True
1741633910937,77662.45,7e-05,True
1741633910937,77662.44,7e-05,True
1741633910937,77662.44,7e-05,True
1741633910937,77662.19,7e-05,True
1741633910937,77662.19,7e-05,True
1741633910937,77662.0,7e-05,True
1741633910958,77661.53,0.00101,True
1741633910960,77661.53,0.03899,True
1741633910960,77661.53,0.0001,True
1741633910960,77661.53,0.0001,True
1741633910960,77661.53,0.0001,True
1741633910960,77661.51,0.00014,True
1741633910960,77661.43,0.00444,True
1741633910960,77661.43,7e-05,True
1741633910960,77661.07,7e-05,True
1741633910960,77660.65,0.0001,True
1741633910960,77660.65,7e-05,True
1741633910960,77660.64,7e-05,True
1741633910960,77660.44,7e-05,True
1741633910960,77660.44,7e-05,True
1741633910960,77660.44,7e-05,True
1741633910960,77660.44,7e-05,True
1741633910960,77660.43,0.01922,True
1741633910960,77660.43,0.00126,True
1741633910962,77660.43,0.08801,True
1741633910991,77660.43,0.00017,True
1741633910991,77660.43,0.00017,True
1741633910991,77660.43,0.00017,True
1741633910991,77660.43,7e-05,True
1741633910991,77660.43,0.0001,True
1741633910991,77660.43,0.05658,True
1741633910991,77660.43,0.04325,True
1741633910991,77660.43,0.01763,True
1741633910991,77660.43,7e-05,True
1741633910991,77660.43,0.01553,True
1741633911006,77660.43,0.0001,True
1741633911006,77660.43,0.0001,True
1741633911006,77660.43,0.00013,True
1741633911006,77660.43,0.0001,True
1741633911006,77660.43,7e-05,True
1741633911006,77660.43,0.00236,True
1741633911040,77660.43,0.0001,True
1741633911040,77660.43,0.0001,True
1741633911040,77660.43,0.0001,True
1741633911040,77660.43,0.0001,True
1741633911040,77660.43,7e-05,True
1741633911040,77660.42,0.00013,True
1741633911040,77660.42,0.00013,True
1741633911040,77660.42,7e-05,True
1741633911040,77660.01,7e-05,True
1741633911040,77660.01,7e-05,True
1741633911040,77660.01,7e-05,True
1741633911040,77660.01,7e-05,True
1741633911040,77660.0,0.014,True
1741633911040,77660.0,7e-05,True
1741633911040,77659.99,0.00113,True
1741633911040,77659.99,7e-05,True
1741633911040,77659.86,7e-05,True
1741633911040,77659.09,7e-05,True
1741633911040,77659.04,7e-05,True
1741633911040,77658.44,0.003,True
1741633911040,77658.31,7e-05,True
1741633911040,77658.01,7e-05,True
1741633911040,77658.01,7e-05,True
1741633911040,77658.01,7e-05,True
1741633911040,77658.0,0.00459,True
1741633911133,77658.0,0.0001,True
1741633911133,77658.0,0.0001,True
1741633911133,77658.0,0.0001,True
1741633911133,77658.0,7e-05,True
1741633911133,77658.0,7e-05,True
1741633911133,77657.99,0.00014,True
1741633911133,77657.99,7e-05,True
1741633911133,77657.53,7e-05,True
1741633911133,77657.1,7e-05,True
1741633911133,77656.51,7e-05,True
1741633911133,77656.46,0.00019,True
1741633911133,77656.46,0.00019,True
1741633911133,77656.46,9e-05,True
1741633911133,77656.46,0.0001,True
1741633911133,77656.46,7e-05,True
1741633911133,77656.01,7e-05,True
1741633911133,77656.01,7e-05,True
1741633911133,77656.01,7e-05,True
1741633911133,77656.01,7e-05,True
1741633911237,77656.0,7e-05,True
1741633911237,77656.0,0.00013,True
1741633911237,77656.0,7e-05,True
1741633911237,77656.0,7e-05,True
1741633911237,77656.0,6e-05,True
1741633911248,77656.01,0.0004,False
1741633911257,77656.0,1e-05,True
1741633911257,77656.0,0.0001,True
1741633911257,77656.0,9e-05,True
1741633911284,77656.01,0.0004,False
1741633911311,77656.01,0.00081,False
1741633911321,77656.0,1e-05,True
1741633911321,77656.0,0.0001,True
1741633911321,77656.0,7e-05,True
1741633911321,77656.0,0.0001,True
1741633911321,77655.99,0.0001,True
1741633911321,77655.99,7e-05,True
1741633911321,77655.99,0.00014,True
1741633911321,77655.99,0.00013,True
1741633911321,77655.98,0.00014,True
1741633911321,77655.98,7e-05,True
1741633911321,77655.73,7e-05,True
1741633911321,77655.43,7e-05,True
1741633911321,77655.1,7e-05,True
1741633911321,77655.09,7e-05,True
1741633911321,77655.04,8e-05,True
1741633911321,77655.04,8e-05,True
1741633911321,77655.04,8e-05,True
1741633911321,77655.04,7e-05,True
1741633911321,77654.4,7e-05,True
1741633911321,77654.4,7e-05,True
1741633911321,77654.4,7e-05,True
1741633911321,77654.39,0.00302,True
1741633911321,77654.28,0.001,True
1741633911321,77654.01,7e-05,True
1741633911321,77654.01,7e-05,True
1741633911321,77654.01,7e-05,True
1741633911329,77652.01,7e-05,True
1741633911329,77652.01,7e-05,True
1741633911329,77652.01,0.0001,True
1741633911329,77652.01,0.0001,True
1741633911329,77652.01,0.0001,True
1741633911329,77652.01,7e-05,True
1741633911329,77652.01,0.04735,True
1741633911329,77652.01,0.04214,True
1741633911329,77652.01,0.01,True
1741633911343,77652.01,0.07726,True
1741633911343,77652.01,0.0001,True
1741633911343,77652.01,0.0001,True
1741633911343,77652.01,0.0001,True
1741633911343,77652.01,0.0002,True
1741633911343,77652.01,7e-05,True
1741633911343,77652.01,0.01217,True
1741633911343,77652.01,0.01,True
1741633911362,77652.01,0.07588,True
1741633911362,77652.01,0.03412,True
1741633911384,77652.02,0.00101,False
1741633911412,77652.01,7e-05,True
1741633911412,77652.01,0.0001,True
1741633911412,77652.01,0.0001,True
1741633911412,77652.01,0.0001,True
1741633911412,77652.01,0.00014,True
1741633911412,77652.0,0.00013,True
1741633911412,77652.0,7e-05,True
1741633911412,77652.0,0.00013,True
1741633911412,77651.42,0.00018,True
1741633911412,77651.42,0.00018,True
1741633911412,77651.42,0.00018,True
1741633911412,77651.42,7e-05,True
1741633911412,77651.41,7e-05,True
1741633911412,77651.41,0.0001,True
1741633911412,77651.4,7e-05,True
1741633911412,77651.4,7e-05,True
1741633911412,77651.4,7e-05,True
1741633911412,77651.4,7e-05,True
1741633911412,77651.39,0.00328,True
1741633911412,77651.39,0.00077,True
1741633911412,77651.39,7e-05,True
1741633911412,77651.3,7e-05,True
1741633911412,77651.01,7e-05,True
1741633911412,77650.68,7e-05,True
1741633911412,77650.68,7e-05,True
1741633911412,77650.68,7e-05,True
1741633911412,77650.67,0.003,True
1741633911412,77650.24,0.00028,True
1741633911412,77650.01,7e-05,True
1741633911412,77650.01,7e-05,True
1741633911412,77650.01,7e-05,True
1741633911412,77650.0,0.00064,True
1741633911412,77650.0,0.00028,True
1741633911412,77650.0,0.014,True
1741633911412,77649.32,7e-05,True
1741633911412,77649.32,7e-05,True
1741633911412,77649.32,7e-05,True
1741633911412,77649.31,0.08,True
1741633911412,77649.12,7e-05,True
1741633911412,77649.11,0.04,True
1741633911412,77649.11,0.02,True
1741633911412,77648.24,0.23388,True
1741633911412,77648.0,0.014,True
1741633911412,77647.94,0.00013,True
1741633911412,77647.25,0.00014,True
1741633911412,77646.92,0.00015,True
1741633911412,77646.91,0.00485,True
1741633911412,77646.7,0.0001,True
1741633911412,77646.37,0.00021,True
1741633911412,77645.79,0.00217,True
1741633911412,77645.79,0.00052,True
1741633911412,77645.72,0.00506,True
1741633911412,77645.17,0.00789,True
1741633911412,77645.17,0.05151,True
1741633911412,77645.16,0.00014,True
1741633911412,77644.34,8e-05,True
1741633911412,77644.16,0.27512,True
1741633911412,77644.16,0.24103,True
1741633911421,77644.16,0.1053,True
1741633911421,77644.16,0.019,True
1741633911421,77644.16,0.0066,True
1741633911421,77644.16,0.18556,True
1741633911421,77644.16,0.21646,True
1741633911421,77644.16,0.0001,True
1741633911421,77644.16,0.10656,True
1741633911421,77644.16,0.04,True
1741633911421,77644.16,0.08014,True
1741633911421,77644.16,0.00027,True
1741633911484,77644.16,0.00014,True
1741633911574,77644.16,9e-05,True
1741633911611,77644.17,0.07945,False
1741633911678,77644.16,0.00064,True
1741633911688,77644.16,7e-05,True
1741633911688,77644.16,0.07727,True
1741633911688,77644.16,0.0001,True
1741633911688,77644.16,0.00014,True
1741633911688,77644.16,0.05254,True
1741633911732,77644.17,0.00025,False
1741633911821,77644.17,0.0004,False
1741633911916,77644.16,7e-05,True
1741633911916,77644.16,0.00013,True
1741633911916,77644.16,0.0001,True
1741633911916,77644.16,0.0001,True
1741633911916,77644.16,0.0001,True
1741633911916,77644.16,7e-05,True
1741633911916,77644.16,7e-05,True
1741633911916,77644.16,7e-05,True
1741633911916,77644.16,7e-05,True
1741633911916,77644.16,7e-05,True
1741633911916,77644.15,0.00039,True
1741633911916,77644.15,7e-05,True
1741633911916,77644.15,0.00014,True
1741633911916,77644.15,0.00014,True
1741633911916,77644.15,0.00014,True
1741633911916,77644.15,7e-05,True
1741633911916,77643.9,7e-05,True
1741633911916,77643.9,7e-05,True
1741633911916,77643.9,7e-05,True
1741633911916,77643.9,7e-05,True
1741633911916,77643.9,7e-05,True
1741633911916,77643.89,0.00037,True
1741633911916,77643.89,0.00065,True
1741633911916,77643.89,0.00037,True
1741633911916,77643.89,0.00037,True
1741633911916,77643.89,7e-05,True
1741633911916,77643.89,7e-05,True
1741633911916,77643.88,7e-05,True
1741633911916,77643.88,7e-05,True
1741633911916,77643.87,7e-05,True
1741633911916,77643.86,7e-05,True
1741633911916,77643.57,7e-05,True
1741633911916,77643.55,9e-05,True
1741633911916,77642.79,7e-05,True
1741633911916,77642.58,0.00011,True
1741633911916,77642.13,0.00037,True
1741633911916,77642.02,7e-05,True
1741633911916,77641.81,7e-05,True
1741633911916,77641.81,7e-05,True
1741633911916,77641.81,0.00013,True
1741633911916,77641.81,7e-05,True
1741633911919,77641.81,0.00024,False
1741633911922,77641.81,0.0001,False
1741633912234,77641.81,0.00218,False
1741633912257,77641.8,0.0002,True
1741633912414,77641.81,7e-05,False
1741633912479,77641.81,0.00139,False
1741633912558,77641.81,0.00128,False
1741633912614,77641.81,0.00128,False
1741633912681,77641.8,0.00017,True
1741633912704,77641.81,0.0001,False
1741633912728,77641.81,0.0216,False
1741633912871,77641.8,0.0015,True
1741633913062,77641.81,0.025,False
1741633913117,77641.8,0.04,True
1741633913268,77641.8,0.0002,True
1741633913384,77641.8,0.70738,True
1741633913384,77641.8,0.0001,True
1741633913384,77641.8,7e-05,True
1741633913384,77641.8,0.00013,True
1741633913384,77641.8,7e-05,True
1741633913384,77641.8,7e-05,True
1741633913384,77641.8,7e-05,True
1741633913384,77641.8,7e-05,True
1741633913384,77641.8,7e-05,True
1741633913384,77641.8,0.06191,True
1741633913384,77641.8,0.0001,True
1741633913384,77641.8,0.0001,True
1741633913384,77641.8,0.0001,True
1741633913384,77641.79,0.00012,True
1741633913384,77641.79,0.00014,True
1741633913384,77641.79,0.00013,True
1741633913384,77641.79,7e-05,True
1741633913384,77641.79,7e-05,True
1741633913384,77641.78,0.00014,True
1741633913384,77641.78,7e-05,True
1741633913384,77641.78,7e-05,True
1741633913384,77641.24,7e-05,True
1741633913384,77641.24,7e-05,True
1741633913384,77641.1,0.00014,True
1741633913384,77641.1,0.00014,True
1741633913384,77641.1,0.00014,True
1741633913384,77641.1,7e-05,True
1741633913384,77641.1,7e-05,True
1741633913384,77641.09,7e-05,True
1741633913384,77640.92,7e-05,True
1741633913384,77640.91,7e-05,True
1741633913384,77640.9,7e-05,True
1741633913384,77640.9,7e-05,True
1741633913384,77640.9,7e-05,True
1741633913384,77640.89,0.02,True
1741633913384,77640.7,7e-05,True
1741633913384,77640.7,7e-05,True
1741633913384,77640.7,7e-05,True
1741633913384,77640.69,0.04,True
1741633913384,77640.69,0.08,True
1741633913384,77639.91,7e-05,True
1741633913384,77639.91,7e-05,True
1741633913384,77639.91,7e-05,True
1741633913384,77639.9,0.02139,True
1741633913388,77639.91,0.00061,False
1741633913394,77639.91,0.00024,False
1741633913396,77639.9,0.08162,True
1741633913396,77639.9,7e-05,True
1741633913396,77639.9,7e-05,True
1741633913396,77639.9,7e-05,True
1741633913396,77639.9,7e-05,True
1741633913396,77639.9,0.0001,True
1741633913396,77639.9,0.0001,True
1741633913396,77639.9,0.0001,True
1741633913396,77639.9,0.0001,True
1741633913396,77639.9,0.0001,True
1741633913396,77639.9,7e-05,True
1741633913396,77639.9,7e-05,True
1741633913396,77639.89,9e-05,True
1741633913396,77639.89,7e-05,True
1741633913396,77639.69,7e-05,True
1741633913396,77639.69,7e-05,True
1741633913396,77639.69,7e-05,True
1741633913396,77638.87,0.00017,True
1741633913396,77638.87,7e-05,True
1741633913396,77638.87,7e-05,True
1741633913396,77638.77,7e-05,True
1741633913396,77638.77,7e-05,True
1741633913396,77638.15,0.00015,True
1741633913396,77638.15,0.00015,True
1741633913396,77638.15,0.00015,True
1741633913396,77638.14,7e-05,True
1741633913396,77638.11,0.00128,True
1741633913396,77638.11,7e-05,True
1741633913396,77637.58,0.00013,True
1741633913396,77636.9,0.00101,True
1741633913396,77636.59,7e-05,True
1741633913396,77636.18,0.00149,True
1741633913396,77636.08,0.00014,True
1741633913396,77635.83,0.00015,True
1741633913396,77635.61,7e-05,True
1741633913396,77635.61,7e-05,True
1741633913396,77635.61,7e-05,True
1741633913396,77635.6,0.00014,True
1741633913397,77635.4,0.0001,False
1741633913400,77635.4,0.0001,False
1741633913400,77635.4,0.0001,False
1741633913400,77635.4,0.00119,False
1741633913400,77635.4,0.01,False
1741633913404,77635.4,0.00056,False
1741633913407,77635.4,0.00022,False
1741633913410,77635.4,9e-05,False
1741633913418,77635.4,0.00101,False
1741633913478,77635.4,0.00017,False
1741633913513,77635.4,0.00011,False
1741633913513,77635.4,0.00012,False
1741633913549,77635.4,0.00012,False
1741633913570,77635.4,0.00207,False
1741633913585,77635.4,0.00011,False
1741633913596,77635.4,0.0002,False
1741633913762,77635.39,7e-05,True
1741633913762,77635.39,7e-05,True
1741633913762,77635.39,6e-05,True
1741633913882,77635.39,4e-05,True
1741633913882,77635.39,7e-05,True
1741633913882,77635.39,0.00014,True
1741633913882,77635.39,7e-05,True
1741633913882,77635.39,7e-05,True
1741633913882,77635.39,7e-05,True
1741633913882,77635.39,0.0014,True
1741633913927,77635.4,0.00014,False
1741633914028,77635.39,0.0001,True
1741633914028,77635.39,5e-05,True
1741633914135,77635.39,2e-05,True
1741633914135,77635.39,7e-05,True
1741633914135,77635.39,7e-05,True
1741633914135,77635.39,7e-05,True
1741633914135,77635.39,7e-05,True
1741633914135,77635.39,7e-05,True
1741633914135,77635.39,0.00014,True
1741633914135,77635.39,0.0001,True
1741633914135,77635.39,0.0001,True
1741633914135,77635.39,0.00012,True
1741633914245,77635.4,0.00023,False
1741633914326,77635.4,0.00024,False
1741633914585,77635.4,0.00015,False
1741633914605,77635.39,7e-05,True
1741633914605,77635.39,7e-05,True
1741633914605,77635.39,7e-05,True
1741633914605,77635.39,7e-05,True
1741633914605,77635.39,7e-05,True
1741633914605,77635.39,7e-05,True
1741633914605,77635.39,0.00013,True
1741633914605,77635.39,0.0001,True
1741633914605,77635.39,0.0001,True
1741633914605,77635.39,0.0001,True
1741633914605,77635.39,0.00044,True
1741633914605,77635.39,0.01,True
1741633914713,77635.4,0.00022,False
1741633914765,77635.39,0.0002,True
1741633914783,77635.4,0.02641,False
1741633914784,77635.4,0.0751,False
1741633914784,77635.4,0.06964,False
1741633914784,77635.4,0.01717,False
1741633914784,77635.4,0.14677,False
1741633914784,77635.4,7e-05,False
1741633914784,77635.4,0.00014,False
1741633914784,77635.4,0.01035,False
1741633914784,77635.4,0.00014,False
1741633914784,77635.4,0.00302,False
1741633914784,77635.4,0.04,False
1741633914784,77635.4,9e-05,False
1741633914784,77635.4,0.13749,False
1741633914784,77635.4,0.00106,False
1741633914784,77635.4,0.0005,False
1741633914784,77635.4,7e-05,False
1741633914784,77635.4,0.0001,False
1741633914784,77635.4,7e-05,False
1741633914784,77635.4,7e-05,False
