timestamp,price,volume,is_ask
1741805554636,82695.64,0.00012,True
1741805556700,82695.64,0.0002,True
1741805557155,82695.65,7e-05,False
1741805557155,82695.65,7e-05,False
1741805557155,82695.65,7e-05,False
1741805557155,82695.65,7e-05,False
1741805557155,82695.65,7e-05,False
1741805557155,82695.65,0.00095,False
1741805557317,82695.65,0.02391,False
1741805557317,82695.65,0.00033,False
1741805557317,82695.65,0.00209,False
1741805557317,82695.65,0.00301,False
1741805557317,82695.65,0.00014,False
1741805557317,82695.65,7e-05,False
1741805557317,82695.65,0.0001,False
1741805557317,82695.65,7e-05,False
1741805557317,82695.65,7e-05,False
1741805557317,82695.65,7e-05,False
1741805557317,82695.65,7e-05,False
1741805557317,82695.65,7e-05,False
1741805557317,82695.65,7e-05,False
1741805557317,82695.65,0.0001,False
1741805557317,82695.65,0.1082,False
1741805557317,82695.65,0.0001,False
1741805557317,82695.65,7e-05,False
1741805557317,82695.65,7e-05,False
1741805557338,82695.66,0.00131,False
1741805557338,82695.66,7e-05,False
1741805557338,82695.66,7e-05,False
1741805557338,82695.66,0.00013,False
1741805557338,82695.66,0.00013,False
1741805557338,82695.66,0.00013,False
1741805557338,82695.66,0.0001,False
1741805557338,82695.66,7e-05,False
1741805557338,82695.66,7e-05,False
1741805557338,82695.66,7e-05,False
1741805557338,82695.66,7e-05,False
1741805557338,82696.02,7e-05,False
1741805557338,82696.02,7e-05,False
1741805557338,82696.03,7e-05,False
1741805557338,82696.03,7e-05,False
1741805557338,82696.17,7e-05,False
1741805557338,82696.17,7e-05,False
1741805557338,82696.18,7e-05,False
1741805557338,82696.18,7e-05,False
1741805557338,82696.66,8e-05,False
1741805557338,82696.66,7e-05,False
1741805557338,82696.67,7e-05,False
1741805557338,82697.45,8e-05,False
1741805557338,82697.45,8e-05,False
1741805557338,82697.45,7e-05,False
1741805557338,82697.68,7e-05,False
1741805557338,82697.68,0.0001,False
1741805557830,82697.69,0.0612,False
1741805557830,82697.69,7e-05,False
1741805557830,82697.69,7e-05,False
1741805557830,82697.69,7e-05,False
1741805557830,82697.69,7e-05,False
1741805557830,82697.69,7e-05,False
1741805557830,82697.69,0.00013,False
1741805557830,82697.69,0.0001,False
1741805557830,82697.69,7e-05,False
1741805557830,82697.7,9e-05,False
1741805557830,82697.7,7e-05,False
1741805557830,82697.7,7e-05,False
1741805557830,82697.7,0.00013,False
1741805557830,82697.7,0.00014,False
1741805557830,82697.7,0.00014,False
1741805557830,82698.08,8e-05,False
1741805557830,82698.08,7e-05,False
1741805557830,82698.08,7e-05,False
1741805557830,82698.49,7e-05,False
1741805557830,82698.49,1e-05,False
1741805557830,82698.49,6e-05,False
1741805557830,82699.08,0.00013,False
1741805557830,82699.08,7e-05,False
1741805557830,82699.08,7e-05,False
1741805557830,82699.97,7e-05,False
1741805557830,82699.98,7e-05,False
1741805557830,82699.98,0.00012,False
1741805557830,82699.98,0.00012,False
1741805557830,82699.99,8e-05,False
1741805557830,82699.99,7e-05,False
1741805557830,82699.99,7e-05,False
1741805557830,82700.0,0.13867,False
1741805557832,82700.0,0.01133,False
1741805557832,82700.0,0.00043,False
1741805557832,82700.0,7e-05,False
1741805557835,82700.93,0.00016,False
1741805557835,82700.93,0.00014,False
1741805557835,82700.93,7e-05,False
1741805557835,82700.93,7e-05,False
1741805557835,82700.95,0.00125,False
1741805557835,82700.95,7e-05,False
1741805557835,82700.95,7e-05,False
1741805557835,82700.97,0.00013,False
1741805557835,82700.97,7e-05,False
1741805557835,82700.97,7e-05,False
1741805557835,82701.96,0.00061,False
1741805557835,82701.96,7e-05,False
1741805557835,82701.96,7e-05,False
1741805557835,82702.15,8e-05,False
1741805557835,82702.15,7e-05,False
1741805557835,82702.15,7e-05,False
1741805557835,82702.16,7e-05,False
1741805557837,82702.87,7e-05,False
1741805557837,82702.87,9e-05,False
1741805557837,82702.87,4e-05,False
1741805557838,82702.87,3e-05,False
1741805557838,82702.87,0.00015,False
1741805557838,82702.87,0.00015,False
1741805557838,82702.88,0.08092,False
1741805557838,82702.88,7e-05,False
1741805557839,82703.44,7e-05,False
1741805557839,82703.61,0.0003,False
1741805557839,82703.88,7e-05,False
1741805557840,82704.05,0.00013,False
1741805557840,82704.1,8e-05,False
1741805557841,82704.46,0.12094,False
1741805557841,82704.66,0.00182,False
1741805557841,82704.83,0.001,False
1741805557841,82705.35,7e-05,False
1741805557847,82705.53,0.00824,False
1741805557847,82705.54,0.00303,False
1741805557849,82705.53,7e-05,False
1741805557849,82705.53,7e-05,False
1741805557849,82705.53,0.00096,False
1741805557849,82705.53,0.00025,False
1741805557849,82705.53,7e-05,False
1741805557849,82705.53,0.0001,False
1741805557849,82705.53,7e-05,False
1741805557849,82705.53,7e-05,False
1741805557849,82705.53,7e-05,False
1741805557849,82705.54,7e-05,False
1741805557849,82705.54,7e-05,False
1741805557849,82706.38,0.00101,False
1741805557849,82706.38,7e-05,False
1741805557849,82706.38,7e-05,False
1741805557849,82706.43,7e-05,False
1741805557849,82706.43,7e-05,False
1741805557853,82706.63,0.0001,False
1741805557853,82706.63,3e-05,False
1741805557853,82706.63,7e-05,False
1741805557853,82706.63,7e-05,False
1741805557853,82706.85,0.00039,False
1741805557853,82706.85,7e-05,False
1741805557853,82706.85,7e-05,False
1741805557853,82707.18,0.003,False
1741805557853,82707.18,7e-05,False
1741805557855,82707.18,7e-05,False
1741805557855,82707.46,7e-05,False
1741805557855,82707.55,0.01586,False
1741805557873,82707.55,7e-05,False
1741805557873,82707.55,7e-05,False
1741805557873,82707.55,0.0001,False
1741805557873,82707.55,7e-05,False
1741805557873,82707.55,7e-05,False
1741805557873,82707.55,7e-05,False
1741805557873,82707.55,7e-05,False
1741805557873,82707.55,7e-05,False
1741805557873,82707.55,7e-05,False
1741805557873,82707.55,7e-05,False
1741805557873,82707.56,0.00049,False
1741805557873,82707.99,0.00025,False
1741805557873,82707.99,0.00035,False
1741805557873,82707.99,0.00055,False
1741805557885,82708.23,7e-05,False
1741805557885,82708.23,7e-05,False
1741805557885,82708.23,7e-05,False
1741805557885,82708.23,0.0001,False
1741805557890,82708.24,7e-05,False
1741805557890,82708.24,7e-05,False
1741805557890,82708.24,0.0001,False
1741805557890,82708.4,7e-05,False
1741805557890,82708.41,0.01097,False
1741805557907,82708.41,7e-05,False
1741805557907,82708.41,7e-05,False
1741805557907,82708.41,7e-05,False
1741805557907,82708.41,7e-05,False
1741805557907,82708.41,7e-05,False
1741805557907,82708.41,7e-05,False
1741805557907,82708.41,7e-05,False
1741805557907,82708.41,7e-05,False
1741805557907,82708.41,0.0001,False
1741805557907,82708.41,7e-05,False
1741805557907,82708.7,0.00013,False
1741805557907,82708.7,7e-05,False
1741805557907,82708.7,7e-05,False
1741805557907,82709.16,7e-05,False
1741805557907,82709.16,7e-05,False
1741805557907,82709.17,0.00031,False
1741805557907,82709.17,7e-05,False
1741805557907,82709.17,7e-05,False
1741805557910,82709.83,7e-05,False
1741805557910,82709.83,7e-05,False
1741805557913,82710.0,0.00063,False
1741805557913,82710.0,7e-05,False
1741805557913,82710.0,7e-05,False
1741805557913,82710.0,0.0001,False
1741805557913,82710.0,7e-05,False
1741805557913,82710.0,7e-05,False
1741805557913,82710.0,7e-05,False
1741805557915,82710.7,7e-05,False
1741805557915,82710.7,7e-05,False
1741805557915,82710.7,0.00014,False
1741805557915,82710.7,0.00014,False
1741805557915,82710.7,8e-05,False
1741805557915,82710.7,0.0001,False
1741805557918,82711.56,8e-05,False
1741805557918,82711.56,7e-05,False
1741805557918,82711.56,7e-05,False
1741805557918,82711.63,7e-05,False
1741805557918,82711.63,7e-05,False
1741805557918,82712.21,0.00013,False
1741805557918,82712.21,7e-05,False
1741805557918,82712.21,7e-05,False
1741805557936,82712.65,7e-05,False
1741805557936,82712.65,7e-05,False
1741805557936,82712.65,5e-05,False
1741805557971,82712.64,0.00269,True
1741805557993,82712.65,2e-05,False
1741805557993,82712.65,0.0001,False
1741805557993,82712.65,7e-05,False
1741805557993,82712.65,7e-05,False
1741805557993,82712.65,7e-05,False
1741805557993,82712.65,7e-05,False
1741805557993,82712.65,7e-05,False
1741805557993,82712.65,0.00013,False
1741805557993,82712.66,0.00026,False
1741805557993,82712.66,7e-05,False
1741805557993,82712.66,7e-05,False
1741805557993,82712.66,0.00014,False
1741805557993,82712.74,0.0001,False
1741805557993,82712.74,0.0001,False
1741805557993,82712.74,0.0001,False
1741805557993,82712.74,7e-05,False
1741805557993,82712.74,7e-05,False
1741805557993,82712.75,7e-05,False
1741805557993,82712.75,7e-05,False
1741805557993,82713.17,5e-05,False
1741805557998,82713.17,2e-05,False
1741805557998,82713.17,7e-05,False
1741805557998,82713.17,0.0001,False
1741805557998,82713.17,7e-05,False
1741805557998,82713.17,7e-05,False
1741805557998,82713.17,7e-05,False
1741805557998,82713.17,7e-05,False
1741805557998,82713.23,8e-05,False
1741805557998,82713.23,7e-05,False
1741805557998,82713.23,7e-05,False
1741805558026,82713.24,7e-05,False
1741805558026,82713.24,7e-05,False
1741805558026,82713.24,0.0001,False
1741805558026,82713.24,7e-05,False
1741805558026,82713.24,7e-05,False
1741805558026,82713.24,7e-05,False
1741805558026,82713.24,7e-05,False
1741805558026,82713.31,7e-05,False
1741805558026,82713.31,7e-05,False
1741805558026,82713.31,6e-05,False
1741805558525,82713.31,1e-05,False
1741805558525,82713.31,7e-05,False
1741805558525,82713.31,7e-05,False
1741805558525,82713.31,7e-05,False
1741805558525,82713.31,7e-05,False
1741805558525,82713.31,7e-05,False
1741805558525,82713.31,7e-05,False
1741805558525,82713.31,7e-05,False
1741805558525,82713.31,7e-05,False
1741805558525,82713.31,7e-05,False
1741805558525,82713.31,7e-05,False
1741805558525,82713.31,7e-05,False
1741805558525,82713.31,7e-05,False
1741805558525,82713.31,0.00013,False
1741805558525,82713.31,9e-05,False
1741805558525,82713.31,0.0001,False
1741805558525,82713.32,0.00013,False
1741805558525,82713.32,0.00014,False
1741805558525,82713.32,7e-05,False
1741805558525,82713.32,7e-05,False
1741805558525,82713.32,0.00013,False
1741805558525,82713.76,7e-05,False
1741805558525,82713.76,7e-05,False
1741805558525,82713.76,7e-05,False
1741805558552,82713.77,7e-05,False
1741805558552,82713.77,7e-05,False
1741805558552,82713.77,7e-05,False
1741805558552,82713.77,0.0001,False
1741805558552,82713.77,7e-05,False
1741805558552,82713.77,7e-05,False
1741805558552,82713.77,7e-05,False
1741805558552,82713.77,7e-05,False
1741805558567,82713.77,0.00121,True
1741805558735,82713.77,0.00423,True
1741805559579,82713.77,0.0007,True
1741805559747,82713.77,0.00032,True
1741805559905,82713.78,0.00596,False
1741805560506,82713.77,0.02431,True
1741805560640,82713.77,0.0002,True
1741805560640,82713.77,0.00013,True
1741805560640,82713.77,7e-05,True
1741805560640,82713.77,0.00215,True
1741805560969,82713.78,7e-05,False
1741805560969,82713.78,7e-05,False
1741805560969,82713.78,7e-05,False
1741805560969,82713.78,0.00013,False
1741805560969,82713.78,7e-05,False
1741805560969,82713.78,9e-05,False
1741805560969,82713.78,0.00303,False
1741805560969,82713.78,7e-05,False
1741805560969,82713.78,7e-05,False
1741805560969,82713.78,0.0001,False
1741805560969,82713.79,7e-05,False
1741805560969,82713.79,0.00011,False
1741805560969,82713.79,7e-05,False
1741805560969,82713.79,0.00013,False
1741805560969,82713.79,0.00014,False
1741805560969,82713.79,0.00013,False
1741805560969,82713.79,7e-05,False
1741805560987,82713.8,7e-05,False
1741805560987,82713.8,0.003,False
1741805560987,82713.8,0.0001,False
1741805560987,82713.8,7e-05,False
1741805560987,82713.8,7e-05,False
1741805560987,82713.8,7e-05,False
1741805560987,82713.8,7e-05,False
1741805560987,82713.8,7e-05,False
1741805560987,82713.81,0.00013,False
1741805560987,82713.81,7e-05,False
1741805560987,82713.81,7e-05,False
1741805560987,82713.87,7e-05,False
1741805560987,82713.87,7e-05,False
1741805560987,82714.0,7e-05,False
1741805560987,82714.0,7e-05,False
1741805560987,82714.36,7e-05,False
1741805560987,82714.36,7e-05,False
1741805560987,82715.05,7e-05,False
1741805560987,82715.55,0.00014,False
1741805560987,82715.55,0.00014,False
1741805560987,82715.55,0.00014,False
1741805560987,82715.55,7e-05,False
1741805560987,82715.56,7e-05,False
1741805560987,82715.58,0.00021,False
1741805560987,82715.7,0.00026,False
1741805560987,82715.78,7e-05,False
1741805560987,82715.99,0.00027,False
1741805560987,82716.89,7e-05,False
1741805560987,82716.9,0.03907,False
1741805560987,82716.9,0.03162,False
1741805560987,82717.77,0.00017,False
1741805561004,82719.05,0.00125,False
1741805561004,82719.05,0.0001,False
1741805561004,82719.05,7e-05,False
1741805561004,82719.05,7e-05,False
1741805561004,82719.05,7e-05,False
1741805561004,82719.05,0.0169,False
1741805561004,82719.05,7e-05,False
1741805561004,82719.05,7e-05,False
1741805561004,82719.05,7e-05,False
1741805561004,82719.05,0.00014,False
1741805561004,82719.06,0.00032,False
1741805561004,82719.06,7e-05,False
1741805561004,82719.06,7e-05,False
1741805561004,82719.37,7e-05,False
1741805561004,82719.37,7e-05,False
1741805561004,82719.37,7e-05,False
1741805561004,82719.38,0.03311,False
1741805561004,82719.38,7e-05,False
1741805561004,82719.38,7e-05,False
1741805561004,82719.76,0.00021,False
1741805561004,82719.76,0.00021,False
1741805561004,82719.76,0.0002,False
1741805561004,82719.76,7e-05,False
1741805561004,82719.76,7e-05,False
1741805561004,82719.77,7e-05,False
1741805561004,82720.0,7e-05,False
1741805561004,82720.2,7e-05,False
1741805561148,82720.58,0.00025,False
1741805561148,82720.58,0.0169,False
1741805561148,82720.58,7e-05,False
1741805561148,82720.58,0.0001,False
1741805561148,82720.58,7e-05,False
1741805561148,82720.58,7e-05,False
1741805561148,82720.58,7e-05,False
1741805561148,82720.58,7e-05,False
1741805561148,82720.58,7e-05,False
1741805561148,82720.58,7e-05,False
1741805561148,82720.59,0.00014,False
1741805561148,82720.59,0.00014,False
1741805561148,82720.59,7e-05,False
1741805561148,82720.59,7e-05,False
1741805561148,82720.65,7e-05,False
1741805561148,82720.65,7e-05,False
1741805561148,82720.82,7e-05,False
1741805561148,82720.82,7e-05,False
1741805561148,82720.82,7e-05,False
1741805561400,82720.83,0.00104,False
1741805561409,82720.82,0.01041,True
1741805561440,82720.83,7e-05,False
1741805561440,82720.83,7e-05,False
1741805561440,82720.83,6e-05,False
1741805561460,82720.83,1e-05,False
1741805561460,82720.83,7e-05,False
1741805561460,82720.83,7e-05,False
1741805561460,82720.83,7e-05,False
1741805561460,82720.83,0.00014,False
1741805561460,82720.83,0.0001,False
1741805561460,82720.83,7e-05,False
1741805561460,82720.83,7e-05,False
1741805561460,82720.84,0.00013,False
1741805561460,82720.84,7e-05,False
1741805561460,82720.84,7e-05,False
1741805561460,82720.84,0.00014,False
1741805561460,82720.84,0.00013,False
1741805561460,82721.19,7e-05,False
1741805561460,82721.19,7e-05,False
1741805561460,82721.2,7e-05,False
1741805561460,82721.2,7e-05,False
1741805561460,82721.34,7e-05,False
1741805561460,82721.34,7e-05,False
1741805561460,82721.54,7e-05,False
1741805561460,82722.25,7e-05,False
1741805561460,82722.53,7e-05,False
1741805561460,82722.75,7e-05,False
1741805561460,82722.75,9e-05,False
1741805561464,82722.86,0.00032,False
1741805561464,82722.86,7e-05,False
1741805561464,82722.86,7e-05,False
1741805561464,82722.86,7e-05,False
1741805561464,82722.86,7e-05,False
1741805561464,82722.86,7e-05,False
1741805561464,82722.86,7e-05,False
1741805561464,82722.86,0.0001,False
1741805561464,82722.98,0.00012,False
1741805561464,82722.98,7e-05,False
1741805561464,82722.98,7e-05,False
1741805561464,82723.65,0.00019,False
1741805561464,82723.65,7e-05,False
1741805561464,82723.65,7e-05,False
1741805561464,82724.34,0.00125,False
1741805561464,82724.34,7e-05,False
1741805561464,82724.34,7e-05,False
1741805561464,82724.83,7e-05,False
1741805561464,82724.83,7e-05,False
1741805561464,82725.06,0.00013,False
1741805561464,82725.06,7e-05,False
1741805561464,82725.55,0.00013,False
1741805561464,82725.55,7e-05,False
1741805561464,82725.98,7e-05,False
1741805561542,82725.99,7e-05,False
1741805561542,82725.99,7e-05,False
1741805561542,82725.99,7e-05,False
1741805561542,82725.99,7e-05,False
1741805561542,82725.99,0.00027,False
1741805561542,82725.99,0.00031,False
1741805561542,82725.99,0.00015,False
1741805561542,82725.99,0.00031,False
1741805561542,82725.99,7e-05,False
1741805561542,82725.99,7e-05,False
1741805561542,82725.99,0.0001,False
1741805561542,82726.0,0.00014,False
1741805561542,82726.0,7e-05,False
1741805561542,82726.0,7e-05,False
1741805561542,82726.0,0.00013,False
1741805561542,82726.8,7e-05,False
1741805561542,82726.8,7e-05,False
1741805561542,82727.17,0.00011,False
1741805561542,82727.17,7e-05,False
1741805561542,82727.17,7e-05,False
1741805561572,82727.18,7e-05,False
1741805561572,82727.18,0.0001,False
1741805561572,82727.18,7e-05,False
1741805561572,82727.18,7e-05,False
1741805561572,82727.18,7e-05,False
1741805561572,82727.18,7e-05,False
1741805561572,82727.18,7e-05,False
1741805561572,82727.55,0.0002,False
1741805561572,82727.55,8e-05,False
1741805561572,82727.55,8e-05,False
1741805561572,82727.55,8e-05,False
1741805561572,82727.55,7e-05,False
1741805561572,82727.55,7e-05,False
1741805561572,82727.56,0.00039,False
1741805561572,82727.56,7e-05,False
1741805561572,82727.56,7e-05,False
1741805561572,82727.93,7e-05,False
1741805561572,82727.93,7e-05,False
1741805561572,82728.38,7e-05,False
1741805561572,82728.38,7e-05,False
1741805561572,82728.42,0.0001,False
1741805561572,82728.42,7e-05,False
1741805563155,82728.44,0.0001,True
1741805563155,82728.44,0.00115,True
1741805563630,82728.45,7e-05,False
1741805563630,82728.45,1e-05,False
1741805563709,82728.45,6e-05,False
1741805563709,82728.45,0.0001,False
1741805563709,82728.45,0.00013,False
1741805563709,82728.45,0.0003,False
1741805564444,82728.45,7e-05,False
1741805564655,82728.45,0.0003,False
1741805565418,82728.44,0.00012,True
1741805565427,82728.44,0.05913,True
1741805565427,82728.44,0.0002,True
1741805565427,82728.44,0.00012,True
1741805565427,82728.44,0.00014,True
1741805565427,82728.44,0.00303,True
1741805565427,82728.44,0.00345,True
1741805565427,82728.44,0.00685,True
1741805565427,82728.44,0.00085,True
1741805565427,82728.44,0.0001,True
1741805565427,82728.43,0.00014,True
1741805565427,82728.43,0.00014,True
1741805565427,82728.43,0.00014,True
1741805565427,82728.13,7e-05,True
1741805565427,82726.44,7e-05,True
1741805565427,82726.44,7e-05,True
1741805565427,82726.44,7e-05,True
1741805565427,82726.43,0.01316,True
1741805565565,82726.43,0.00798,True
1741805566131,82726.43,0.00345,True
1741805566550,82726.44,0.02589,False
1741805566913,82726.44,8e-05,False
1741805566981,82726.43,0.0001,True
1741805567514,82726.43,0.00121,True
1741805567555,82726.44,0.00022,False
1741805569062,82726.43,0.03411,True
1741805569062,82726.43,0.04154,True
1741805569062,82726.43,0.00718,True
1741805569062,82726.43,0.00013,True
1741805569062,82726.43,7e-05,True
1741805569062,82726.43,0.0002,True
1741805569062,82726.43,0.0001,True
1741805569062,82726.43,0.00023,True
1741805569062,82726.42,0.0001,True
1741805569062,82726.42,0.00013,True
1741805569062,82726.42,0.00014,True
1741805569062,82726.42,0.00014,True
1741805569062,82726.42,0.0064,True
1741805569062,82726.42,0.0064,True
1741805569062,82726.42,0.0064,True
1741805569062,82726.42,0.0064,True
1741805569062,82726.42,0.0064,True
1741805569062,82726.42,0.0064,True
1741805569062,82726.42,0.00536,True
1741805569062,82725.98,0.00101,True
1741805569063,82725.01,7e-05,True
1741805569063,82725.01,0.0001,True
1741805569063,82725.01,0.0001,True
1741805569063,82725.0,0.06003,True
1741805569065,82725.0,0.00047,True
1741805569065,82724.81,0.00012,True
1741805569069,82720.58,7e-05,True
1741805569069,82720.58,7e-05,True
1741805569072,82720.41,8e-05,True
1741805569072,82720.41,0.0001,True
1741805569072,82720.17,7e-05,True
1741805569074,82720.16,0.003,True
1741805569074,82719.7,7e-05,True
1741805569115,82719.69,0.0169,True
1741805569115,82719.69,0.0001,True
1741805569115,82719.69,0.00302,True
1741805569115,82719.68,0.00033,True
1741805569115,82719.68,0.00013,True
1741805569115,82719.33,0.0004,True
1741805569115,82719.33,0.0004,True
1741805569115,82719.33,0.0004,True
1741805569115,82719.32,0.00131,True
1741805569115,82718.11,0.00013,True
1741805569115,82717.46,7e-05,True
1741805569115,82717.46,0.0001,True
1741805569115,82717.0,7e-05,True
1741805569346,82716.99,0.0605,True
1741805569346,82716.99,0.00014,True
1741805569346,82716.99,0.0001,True
1741805569346,82716.98,0.00014,True
1741805569346,82716.98,0.00014,True
1741805569346,82716.98,0.00014,True
1741805569346,82716.98,0.00014,True
1741805569350,82714.05,0.00125,True
1741805569350,82713.94,7e-05,True
1741805569356,82713.79,0.00016,True
1741805569356,82713.78,7e-05,True
1741805569358,82713.77,0.00475,True
1741805569358,82713.77,0.00118,True
1741805569360,82712.71,0.00013,True
1741805569360,82712.5,7e-05,True
1741805569360,82712.3,7e-05,True
1741805569360,82712.3,0.00035,True
1741805569360,82712.3,0.00035,True
1741805569360,82712.3,0.00035,True
1741805569364,82712.29,0.003,True
1741805569364,82712.29,0.0001,True
1741805569364,82712.28,7e-05,True
1741805569364,82711.67,7e-05,True
1741805569367,82711.17,7e-05,True
1741805569367,82711.17,0.0001,True
1741805569373,82710.3,0.00504,True
1741805569375,82710.24,0.00013,True
1741805569375,82710.24,0.0001,True
1741805569390,82708.77,6e-05,False
1741805569560,82708.77,0.00143,False
1741805569705,82708.77,0.00064,False
1741805570030,82708.76,0.00125,True
1741805570030,82708.76,0.00014,True
1741805570030,82708.76,0.0004,True
1741805570266,82708.77,0.00034,False
1741805571222,82708.76,0.03208,True
1741805571949,82708.77,0.00014,False
1741805571949,82708.77,0.0002,False
1741805571949,82708.77,7e-05,False
1741805571949,82708.77,7e-05,False
1741805571949,82708.77,7e-05,False
1741805571949,82708.77,0.00014,False
1741805571949,82708.77,7e-05,False
1741805571949,82708.77,7e-05,False
1741805571949,82708.77,0.0001,False
1741805571949,82708.77,7e-05,False
1741805571951,82708.78,0.00013,False
1741805571951,82708.78,0.00013,False
1741805571951,82708.78,0.00014,False
1741805571951,82708.78,7e-05,False
1741805571951,82708.78,7e-05,False
1741805571951,82708.78,7e-05,False
1741805571954,82708.79,7e-05,False
1741805571954,82708.79,7e-05,False
1741805571954,82708.79,7e-05,False
1741805571954,82708.79,0.0001,False
1741805571954,82708.79,7e-05,False
1741805571954,82708.79,7e-05,False
1741805571956,82708.8,0.003,False
1741805571956,82708.8,7e-05,False
1741805571956,82708.8,7e-05,False
1741805571956,82708.8,0.0001,False
1741805571958,82708.88,7e-05,False
1741805571958,82708.88,7e-05,False
1741805571958,82708.89,7e-05,False
1741805571958,82708.89,7e-05,False
1741805571958,82709.19,7e-05,False
1741805571958,82709.19,7e-05,False
1741805571958,82709.19,7e-05,False
1741805571958,82709.74,7e-05,False
1741805571958,82709.74,7e-05,False
1741805571958,82709.83,9e-05,False
1741805571958,82709.83,7e-05,False
1741805571961,82710.02,7e-05,False
1741805571963,82711.16,7e-05,False
1741805571963,82711.16,7e-05,False
1741805571963,82711.17,7e-05,False
1741805571963,82711.17,7e-05,False
1741805571963,82711.17,7e-05,False
1741805571973,82711.33,6e-05,False
1741805572009,82711.33,7e-05,False
1741805572009,82711.33,0.0001,False
1741805572009,82711.33,7e-05,False
1741805572009,82711.33,7e-05,False
1741805572009,82711.33,7e-05,False
1741805572009,82711.33,7e-05,False
1741805572009,82711.33,7e-05,False
1741805572009,82711.33,0.0001,False
1741805572009,82711.33,0.0001,False
1741805572009,82711.33,0.00014,False
1741805572009,82711.55,7e-05,False
1741805572009,82711.55,7e-05,False
1741805572009,82711.56,7e-05,False
1741805572009,82711.56,7e-05,False
1741805572009,82711.66,7e-05,False
1741805572009,82711.66,7e-05,False
1741805572009,82712.24,7e-05,False
1741805572009,82712.24,7e-05,False
1741805572011,82713.11,7e-05,False
1741805572011,82713.12,7e-05,False
1741805572011,82713.65,7e-05,False
1741805572011,82713.78,0.00131,False
1741805572012,82714.79,8e-05,False
1741805572012,82714.79,7e-05,False
1741805572012,82715.2,0.00013,False
1741805572012,82715.2,7e-05,False
1741805572016,82716.05,7e-05,False
1741805572016,82716.05,7e-05,False
1741805572016,82716.05,7e-05,False
1741805572016,82716.05,0.0001,False
1741805572016,82716.05,7e-05,False
1741805572016,82716.05,7e-05,False
1741805572016,82716.05,7e-05,False
1741805572016,82716.05,7e-05,False
1741805572016,82716.06,0.03103,False
1741805572017,82716.06,0.0337,False
1741805572020,82716.06,0.01507,False
1741805572020,82716.06,7e-05,False
1741805572020,82716.06,7e-05,False
1741805572021,82716.06,0.0001,False
1741805572021,82716.06,7e-05,False
1741805572021,82716.48,0.00505,False
1741805572021,82716.96,0.00022,False
1741805572021,82717.04,7e-05,False
1741805572021,82717.05,0.003,False
1741805572021,82717.05,7e-05,False
1741805572021,82717.05,7e-05,False
1741805572024,82717.8,7e-05,False
1741805572024,82717.8,7e-05,False
1741805572024,82717.8,7e-05,False
1741805572024,82718.64,7e-05,False
1741805572028,82718.65,7e-05,False
1741805572028,82718.65,7e-05,False
1741805572028,82719.05,0.00125,False
1741805572032,82719.1,0.00013,False
1741805572032,82719.1,7e-05,False
1741805572032,82719.1,7e-05,False
1741805572032,82719.1,7e-05,False
1741805572032,82719.1,7e-05,False
1741805572032,82719.1,7e-05,False
1741805572032,82719.1,7e-05,False
1741805572032,82719.47,7e-05,False
1741805572032,82719.47,7e-05,False
1741805572032,82719.47,7e-05,False
1741805572032,82719.47,0.00035,False
1741805572032,82719.47,0.00013,False
1741805572032,82719.47,0.00035,False
1741805572037,82719.48,7e-05,False
1741805572037,82719.48,7e-05,False
1741805572037,82719.48,0.0001,False
1741805572037,82719.48,7e-05,False
1741805572037,82719.48,7e-05,False
1741805572037,82719.48,7e-05,False
1741805572037,82719.72,7e-05,False
1741805572037,82719.72,7e-05,False
1741805572037,82719.72,7e-05,False
1741805572037,82719.73,0.00406,False
1741805572050,82719.73,7e-05,False
1741805572050,82719.73,7e-05,False
1741805572050,82719.73,7e-05,False
1741805572050,82719.73,7e-05,False
1741805572050,82719.73,7e-05,False
1741805572050,82719.73,7e-05,False
1741805572050,82719.73,7e-05,False
1741805572050,82719.73,7e-05,False
1741805572050,82719.73,7e-05,False
1741805572050,82719.73,7e-05,False
1741805572050,82719.73,0.0001,False
1741805572050,82719.74,0.00036,False
1741805572050,82719.74,7e-05,False
1741805572050,82719.74,7e-05,False
1741805572050,82719.81,7e-05,False
1741805572050,82719.81,7e-05,False
1741805572050,82720.35,7e-05,False
1741805572050,82720.35,7e-05,False
1741805572050,82720.35,7e-05,False
1741805572050,82720.36,7e-05,False
1741805572050,82720.36,7e-05,False
1741805572050,82721.16,7e-05,False
1741805572050,82721.16,7e-05,False
1741805572050,82721.17,7e-05,False
1741805572050,82721.5,0.00013,False
1741805572050,82721.5,7e-05,False
1741805572050,82721.71,0.02804,False
1741805572072,82721.94,0.00012,False
1741805572072,82721.94,7e-05,False
1741805572072,82721.94,7e-05,False
1741805572072,82721.94,7e-05,False
1741805572072,82721.94,7e-05,False
1741805572072,82721.94,7e-05,False
1741805572072,82721.94,0.00011,False
1741805572072,82721.94,0.00012,False
1741805572072,82721.94,0.00012,False
1741805572072,82721.94,7e-05,False
1741805572072,82721.94,0.0001,False
1741805572072,82722.36,7e-05,False
1741805572072,82723.21,7e-05,False
1741805572072,82723.21,7e-05,False
1741805572078,82723.25,7e-05,False
1741805572078,82723.25,7e-05,False
1741805572078,82723.25,7e-05,False
1741805572078,82723.25,0.0001,False
1741805572078,82723.25,7e-05,False
1741805572078,82723.25,7e-05,False
1741805572078,82723.25,7e-05,False
1741805572078,82723.25,7e-05,False
1741805572078,82723.26,7e-05,False
1741805572078,82723.26,7e-05,False
1741805572078,82723.26,7e-05,False
1741805572078,82723.81,0.00013,False
1741805572078,82723.81,7e-05,False
1741805572078,82723.81,7e-05,False
1741805572078,82724.01,7e-05,False
1741805572078,82724.01,7e-05,False
1741805572078,82724.01,7e-05,False
1741805572078,82724.34,0.00125,False
1741805572078,82724.34,7e-05,False
1741805572078,82724.34,7e-05,False
1741805572078,82724.68,7e-05,False
1741805572078,82724.69,0.00504,False
1741805572078,82724.69,7e-05,False
1741805572078,82724.74,0.00101,False
1741805572078,82724.74,7e-05,False
1741805572078,82724.93,0.00015,False
1741805572078,82724.93,0.00015,False
1741805572080,82725.65,7e-05,False
1741805572080,82725.66,0.00375,False
1741805572160,82725.65,0.04375,True
1741805572160,82725.65,0.0859,True
1741805572160,82725.65,0.06517,True
1741805572160,82725.65,0.06727,True
1741805572160,82725.65,0.16358,True
1741805572160,82725.65,0.11663,True
1741805572657,82725.66,7e-05,False
1741805572657,82725.66,7e-05,False
1741805572657,82725.66,0.00301,False
1741805572657,82725.66,7e-05,False
1741805572657,82725.66,0.00014,False
1741805572657,82725.66,7e-05,False
1741805572657,82725.66,8e-05,False
1741805572657,82725.66,7e-05,False
1741805572657,82725.66,0.00014,False
1741805572657,82725.66,0.0001,False
1741805572657,82725.66,7e-05,False
1741805572657,82725.67,0.00012,False
1741805572657,82725.67,0.00014,False
1741805572657,82725.67,0.00014,False
1741805572657,82725.67,0.00013,False
1741805572657,82725.67,7e-05,False
1741805572657,82725.67,7e-05,False
1741805572657,82725.7,0.003,False
1741805572657,82725.7,7e-05,False
1741805572657,82725.7,7e-05,False
1741805572657,82725.98,7e-05,False
1741805572657,82725.98,7e-05,False
1741805572657,82725.98,0.0002,False
1741805572657,82725.99,7e-05,False
1741805572657,82725.99,7e-05,False
1741805572657,82726.0,7e-05,False
1741805572657,82726.36,7e-05,False
1741805572657,82726.41,7e-05,False
1741805572657,82726.41,7e-05,False
1741805572657,82726.42,7e-05,False
1741805572657,82726.43,0.01247,False
1741805572657,82726.44,7e-05,False
1741805572657,82727.65,0.00014,False
1741805572657,82727.99,0.0001,False
1741805572670,82729.23,0.0001,False
1741805572670,82729.23,7e-05,False
1741805572670,82729.23,7e-05,False
1741805572670,82729.23,7e-05,False
1741805572670,82729.23,7e-05,False
1741805572670,82729.23,7e-05,False
1741805572670,82729.23,7e-05,False
1741805572670,82729.24,0.00018,False
1741805572670,82729.24,7e-05,False
1741805572670,82729.24,7e-05,False
1741805572670,82729.63,0.00125,False
1741805572670,82729.63,7e-05,False
1741805572670,82729.63,7e-05,False
1741805572670,82729.77,7e-05,False
1741805572670,82729.77,7e-05,False
1741805572670,82729.77,7e-05,False
1741805572670,82729.98,7e-05,False
1741805572670,82729.99,0.00012,False
1741805572670,82729.99,7e-05,False
1741805572670,82729.99,0.00018,False
1741805572670,82729.99,0.00011,False
1741805572670,82729.99,0.0002,False
1741805572744,82730.44,0.01027,True
1741805573026,82730.44,9e-05,True
1741805573156,82730.44,8e-05,True
1741805573214,82730.44,0.00012,True
1741805573392,82730.44,0.00373,True
1741805573869,82730.44,0.0001,True
1741805573869,82730.44,0.0001,True
1741805573869,82730.44,0.00014,True
1741805573869,82730.44,0.0001,True
1741805573869,82730.44,0.0001,True
1741805573869,82730.44,0.0003,True
1741805573869,82730.44,0.0001,True
1741805573869,82730.44,0.0001,True
1741805573869,82730.44,0.0001,True
1741805573869,82730.44,0.00223,True
1741805574173,82730.44,0.00017,True
1741805574816,82730.44,0.00024,True
1741805574930,82730.44,0.00668,True
1741805575477,82730.45,0.00028,False
1741805575477,82730.45,0.01275,False
1741805575722,82730.44,0.00621,True
1741805575911,82730.45,0.00307,False
1741805576035,82730.45,0.00177,False
1741805576384,82730.45,0.0259,False
1741805576533,82730.44,0.00058,True
1741805576680,82730.44,0.01765,True
1741805576680,82730.44,0.00013,True
1741805576680,82730.44,0.0001,True
1741805576680,82730.44,0.00037,True
1741805576680,82730.44,0.01823,True
1741805576680,82730.43,0.00013,True
1741805576680,82730.43,0.00013,True
1741805576680,82730.43,7e-05,True
1741805576680,82730.43,0.00035,True
1741805576680,82730.42,0.00014,True
1741805576680,82730.41,7e-05,True
1741805576680,82730.41,9e-05,True
1741805576680,82730.4,0.02,True
1741805576680,82730.31,7e-05,True
1741805576680,82730.31,9e-05,True
1741805576680,82730.3,0.02,True
1741805576680,82730.13,8e-05,True
1741805576680,82729.78,7e-05,True
1741805576680,82729.23,8e-05,True
1741805576680,82729.23,8e-05,True
1741805576680,82729.23,7e-05,True
1741805576680,82729.22,0.0605,True
1741805576680,82729.22,0.30219,True
1741805576680,82728.96,7e-05,True
1741805576680,82728.05,0.00011,True
1741805576680,82728.05,9e-05,True
1741805576680,82728.04,0.1289,True
1741805576680,82725.65,0.02213,True
1741805576680,82725.65,0.00158,True
1741805576680,82724.75,0.09274,True
1741805576771,82724.75,0.00017,True
1741805576951,82724.75,0.00025,True
1741805576951,82724.75,0.00025,True
1741805576951,82724.75,0.00025,True
1741805576951,82724.75,0.00304,True
1741805576951,82724.75,0.00101,True
1741805576951,82724.75,0.0001,True
1741805576951,82724.75,0.0001,True
1741805576951,82724.75,0.00014,True
1741805576951,82724.75,0.0001,True
1741805576951,82724.75,0.0001,True
1741805576951,82724.74,0.00013,True
1741805576951,82724.74,0.00013,True
1741805576951,82724.73,0.00013,True
1741805576951,82724.61,0.00131,True
1741805576951,82724.02,7e-05,True
1741805576951,82720.59,0.00013,True
1741805576951,82720.53,7e-05,True
1741805576951,82720.53,9e-05,True
1741805576951,82720.53,9e-05,True
1741805577231,82720.52,0.0001,True
1741805577498,82720.53,0.00603,False
1741805577675,82720.52,0.00121,True
1741805578280,82720.53,0.00084,False
1741805578353,82720.52,0.00024,True
1741805578405,82720.53,0.0007,False
1741805578872,82720.53,0.00114,False
1741805578914,82720.53,0.00011,False
1741805579375,82720.53,0.0059,False
1741805579777,82720.53,0.00226,False
1741805579777,82720.53,0.00336,False
1741805579777,82720.53,0.00062,False
1741805579934,82720.52,0.00013,True
1741805579934,82720.52,0.00593,True
1741805580034,82720.53,0.00155,False
1741805580118,82720.53,0.07307,False
1741805580118,82720.53,0.06921,False
1741805580465,82720.53,0.00218,False
1741805580506,82720.52,0.00017,True
1741805580536,82720.52,0.00051,True
1741805580536,82720.52,0.00022,True
1741805580536,82720.52,0.00014,True
1741805580536,82720.52,0.0001,True
1741805580536,82720.52,0.00012,True
1741805580536,82720.52,0.00021,True
1741805580536,82720.52,0.00021,True
1741805580536,82720.52,0.0001,True
1741805580536,82720.51,0.00026,True
1741805580536,82720.51,0.00013,True
1741805580536,82720.51,0.00013,True
1741805580536,82720.51,0.00014,True
1741805580536,82720.33,0.00022,True
1741805580536,82719.9,7e-05,True
1741805580536,82719.88,8e-05,True
1741805580536,82719.34,0.00125,True
1741805580536,82719.08,7e-05,True
1741805580536,82718.46,7e-05,True
1741805580536,82718.45,0.00912,True
1741805580536,82718.45,0.01823,True
1741805580536,82717.01,0.00011,True
1741805580536,82717.01,0.00011,True
1741805580536,82717.01,7e-05,True
1741805580639,82717.0,0.00059,True
1741805581217,82717.01,0.00035,False
1741805582006,82717.01,0.00137,False
1741805582286,82717.0,0.05594,True
1741805582286,82717.0,0.00101,True
1741805582286,82717.0,0.00014,True
1741805582286,82717.0,0.003,True
1741805582286,82717.0,0.0001,True
1741805582286,82717.0,9e-05,True
1741805582286,82717.0,8e-05,True
1741805582286,82716.99,0.00018,True
1741805582286,82716.99,0.00013,True
1741805582286,82716.99,0.00013,True
1741805582286,82716.99,0.00014,True
1741805582286,82716.41,0.00012,True
1741805582286,82716.06,0.00022,True
1741805582286,82716.06,0.00022,True
1741805582286,82714.33,7e-05,True
1741805582286,82714.33,7e-05,True
1741805582286,82714.33,8e-05,True
1741805582286,82714.06,0.00031,True
1741805582286,82714.05,0.00125,True
1741805582316,82713.37,7e-05,True
1741805582316,82713.37,7e-05,True
1741805582316,82713.37,7e-05,True
1741805582316,82713.37,0.0001,True
1741805582316,82713.37,0.00014,True
1741805582316,82713.37,0.00014,True
1741805582316,82713.37,0.00018,True
1741805582316,82713.37,0.0169,True
1741805582450,82713.36,0.0605,True
1741805582450,82713.36,0.0169,True
1741805582450,82713.36,0.0001,True
1741805582450,82713.36,0.01023,True
1741805582515,82713.36,0.0001,True
1741805582515,82713.36,0.0001,True
1741805582515,82713.36,0.00014,True
1741805582515,82713.36,0.0001,True
1741805582515,82713.35,0.00014,True
1741805582515,82713.35,0.00014,True
1741805582515,82713.35,0.00013,True
1741805582840,82711.07,0.0001,True
1741805582840,82711.07,0.00014,True
1741805582840,82711.06,0.00011,True
1741805582840,82711.06,0.00014,True
1741805582840,82711.06,0.00014,True
1741805582840,82711.06,0.00013,True
1741805582840,82710.89,0.00016,True
1741805582840,82710.88,7e-05,True
1741805582840,82710.88,8e-05,True
1741805582840,82710.88,0.00012,True
1741805582840,82710.88,0.00012,True
1741805582840,82710.88,7e-05,True
1741805582840,82710.87,0.06046,True
1741805582840,82710.87,4e-05,True
1741805582841,82709.84,0.00013,True
1741805582841,82708.76,0.0064,True
1741805582841,82708.76,0.0064,True
1741805582841,82708.76,0.0064,True
1741805582841,82708.76,0.0064,True
1741805582841,82708.76,0.00145,True
1741805582841,82708.75,0.0064,True
1741805582841,82708.75,0.0064,True
1741805582841,82708.75,0.0064,True
1741805582841,82708.75,0.0064,True
1741805582841,82708.75,0.00398,True
1741805582841,82707.75,8e-05,True
1741805582841,82707.37,0.0003,True
1741805582841,82707.35,7e-05,True
1741805582841,82707.35,9e-05,True
1741805582841,82707.35,7e-05,True
1741805582841,82707.24,7e-05,True
1741805582841,82707.24,0.0001,True
1741805582841,82707.24,7e-05,True
1741805582851,82706.29,0.0001,True
1741805582852,82706.28,0.00024,True
1741805582853,82705.63,7e-05,True
1741805582853,82705.63,0.00027,True
1741805582853,82705.63,0.00027,True
1741805582853,82705.62,0.003,True
1741805582853,82705.35,7e-05,True
1741805582856,82704.18,7e-05,True
1741805582856,82704.17,0.00505,True
1741805582856,82703.87,0.001,True
1741805582856,82703.75,7e-05,True
1741805582875,82702.31,0.00013,True
1741805582875,82702.31,0.0001,True
1741805582875,82702.3,0.0002,True
1741805582875,82702.3,0.00014,True
1741805582875,82701.94,0.0001,True
1741805582875,82701.94,0.00045,True
1741805582875,82701.94,0.00018,True
1741805582875,82701.94,0.00018,True
1741805583080,82701.71,0.00037,False
1741805583301,82701.7,0.0001,True
1741805583301,82701.7,0.00014,True
1741805583301,82701.69,0.00013,True
1741805583301,82701.69,0.00014,True
1741805583301,82701.69,0.00014,True
1741805583301,82700.37,0.00016,True
1741805583301,82699.71,0.00044,True
1741805583301,82699.59,0.00012,True
1741805583301,82699.59,0.00014,True
1741805583301,82699.59,0.00012,True
1741805583301,82699.59,0.00012,True
1741805583301,82699.09,0.00013,True
1741805583301,82698.5,7e-05,True
1741805583301,82697.71,0.0002,True
1741805583301,82697.69,7e-05,True
1741805583301,82697.69,0.00011,True
1741805583301,82697.69,9e-05,True
1741805583301,82697.68,0.00712,True
1741805583798,82697.68,0.02774,True
1741805583798,82697.68,0.00014,True
1741805583798,82697.68,0.00387,True
1741805583798,82697.68,0.0001,True
1741805583798,82697.67,0.00023,True
1741805583798,82697.67,0.00013,True
1741805583798,82697.67,0.00014,True
1741805583798,82697.67,0.00014,True
1741805583802,82695.7,0.003,True
1741805583802,82695.7,0.0001,True
1741805583804,82695.68,8e-05,True
1741805583804,82695.22,0.00022,True
1741805583804,82695.22,0.00022,True
1741805583804,82695.22,0.00022,True
1741805583804,82695.21,7e-05,True
1741805583804,82695.09,0.00031,True
1741805583806,82694.17,0.00182,True
1741805583806,82693.76,7e-05,True
1741805583806,82693.75,0.0605,True
1741805583806,82693.56,7e-05,True
1741805583806,82693.42,0.00015,True
1741805583806,82693.42,8e-05,True
1741805583832,82692.81,0.00113,True
1741805583832,82692.81,0.0001,True
1741805583832,82692.8,0.00025,True
1741805583832,82692.74,7e-05,True
1741805583832,82692.7,0.00058,True
1741805583832,82692.6,7e-05,True
1741805583832,82692.6,0.00013,True
1741805583832,82692.6,0.00013,True
1741805583832,82692.6,0.00013,True
1741805583893,82692.59,0.00014,True
1741805583893,82692.59,0.0001,True
1741805583893,82692.58,0.00013,True
1741805583893,82692.58,0.00013,True
1741805583893,82692.39,0.00125,True
1741805583893,82692.33,0.00013,True
1741805583893,82691.92,7e-05,True
1741805583893,82691.84,7e-05,True
1741805583893,82691.1,7e-05,True
1741805583893,82691.09,7e-05,True
1741805583893,82691.08,0.0605,True
1741805583893,82690.6,0.0001,True
1741805583893,82690.6,0.0001,True
1741805583893,82690.6,0.0001,True
1741805583893,82690.4,0.00016,True
1741805583893,82689.81,0.00013,True
1741805583893,82688.92,0.00362,True
1741805583893,82688.91,0.00666,True
1741805583893,82688.71,0.0001,True
1741805583893,82688.69,0.00063,True
1741805583893,82688.68,7e-05,True
1741805583893,82688.68,7e-05,True
1741805583935,82688.68,0.00016,False
1741805583942,82688.68,0.00016,False
1741805583948,82688.68,0.00016,False
1741805583956,82688.68,0.00016,False
1741805583963,82688.68,0.00016,False
1741805583963,82688.68,0.00016,False
1741805583974,82688.68,0.00016,False
1741805583981,82688.68,0.00016,False
1741805583984,82688.68,0.00016,False
1741805584068,82688.68,7e-05,False
1741805584214,82688.68,0.00027,False
1741805584295,82688.67,0.07125,True
1741805584295,82688.67,0.0605,True
1741805584295,82688.67,0.00014,True
1741805584295,82688.67,0.0001,True
1741805584295,82688.66,0.0002,True
1741805584295,82688.66,0.00014,True
1741805584295,82688.66,0.00013,True
1741805584295,82688.66,0.00013,True
1741805584302,82688.67,0.0001,True
1741805584302,82688.67,0.0001,True
1741805584302,82688.67,0.0605,True
1741805584302,82687.1,0.00125,True
1741805584302,82686.98,7e-05,True
1741805584302,82686.25,7e-05,True
1741805584302,82686.25,0.00025,True
1741805584302,82686.25,0.00021,True
1741805584302,82686.25,0.00021,True
1741805584302,82686.25,0.00098,True
1741805584302,82686.25,0.00021,True
1741805584332,82685.34,0.0001,True
1741805584334,82685.33,0.00017,True
1741805584334,82685.33,0.0001,True
1741805584337,82685.16,7e-05,True
1741805584337,82685.16,0.0001,True
1741805584346,82685.15,0.003,True
1741805584346,82685.15,0.0001,True
1741805584348,82685.09,0.00073,True
1741805584350,82684.91,0.00158,True
1741805584350,82684.91,0.0001,True
1741805584353,82683.72,0.00013,True
1741805584353,82683.72,0.0001,True
1741805584353,82683.71,0.0001,True
1741805584353,82683.71,0.0001,True
1741805584358,82683.57,0.00016,True
1741805584362,82683.56,0.00013,True
1741805584362,82683.56,0.0001,True
1741805584370,82682.88,9e-05,True
1741805584370,82682.88,0.00017,True
1741805584370,82682.88,0.00017,True
1741805584370,82682.88,0.0001,True
1741805584442,82682.87,7e-05,True
1741805584442,82682.87,0.00013,True
1741805584442,82682.87,0.00013,True
1741805584442,82682.87,0.00101,True
1741805584469,82682.88,0.00633,False
1741805584469,82682.87,0.0001,True
1741805584469,82682.87,0.00012,True
1741805584469,82682.87,7e-05,True
1741805584469,82682.86,0.02412,True
1741805584469,82682.86,0.00013,True
1741805584469,82682.86,0.00013,True
1741805584469,82681.82,0.00119,True
1741805584473,82681.82,6e-05,True
1741805584473,82681.44,8e-05,True
1741805584473,82681.44,8e-05,True
1741805584473,82681.43,0.00012,True
1741805584473,82681.42,0.00011,True
1741805584473,82681.41,0.00013,True
1741805584473,82681.22,7e-05,True
1741805584474,82680.43,0.00811,False
1741805584475,82680.42,0.0001,True
1741805584475,82680.39,7e-05,True
1741805584478,82680.01,0.00024,True
1741805584478,82680.01,0.0001,True
1741805584483,82678.27,0.00018,True
1741805584483,82677.27,0.00013,True
1741805584483,82676.89,7e-05,True
1741805584545,82676.89,0.0002,False
1741805584569,82676.88,0.00019,True
1741805584744,82676.89,0.00078,False
1741805584867,82676.89,0.00031,False
1741805585431,82676.88,0.0363,True
1741805585431,82676.88,0.01074,True
1741805585451,82676.89,7e-05,False
1741805585451,82676.89,7e-05,False
1741805585668,82676.89,0.0001,False
1741805585668,82676.89,7e-05,False
1741805585668,82676.89,0.00089,False
1741805585715,82676.89,0.00212,False
1741805585715,82676.89,7e-05,False
1741805585715,82676.89,7e-05,False
1741805585715,82676.89,0.00014,False
1741805585715,82676.89,7e-05,False
1741805585715,82676.89,7e-05,False
1741805585715,82676.89,0.00036,False
1741805585715,82676.89,0.00439,False
1741805585715,82676.89,0.0001,False
1741805585715,82676.89,7e-05,False
1741805585715,82676.89,0.0001,False
1741805585715,82676.89,7e-05,False
1741805585715,82676.89,7e-05,False
1741805585715,82676.9,0.00013,False
1741805585715,82676.9,0.00013,False
1741805585715,82676.9,0.00013,False
1741805585715,82676.9,7e-05,False
1741805585715,82676.9,7e-05,False
1741805585715,82677.09,7e-05,False
1741805585715,82677.09,7e-05,False
1741805585715,82677.09,7e-05,False
1741805585715,82677.17,7e-05,False
1741805585715,82677.17,7e-05,False
1741805585715,82677.18,7e-05,False
1741805585715,82677.18,7e-05,False
1741805585715,82677.27,7e-05,False
1741805585715,82677.28,7e-05,False
1741805585715,82677.59,7e-05,False
1741805585715,82677.92,7e-05,False
1741805585715,82679.78,7e-05,False
1741805585783,82679.79,0.0001,False
1741805585783,82679.79,7e-05,False
1741805585783,82679.79,7e-05,False
1741805585783,82679.79,7e-05,False
1741805585783,82679.79,7e-05,False
1741805585783,82679.79,7e-05,False
1741805585783,82679.79,7e-05,False
1741805585783,82679.79,0.0001,False
1741805585783,82679.83,7e-05,False
1741805585783,82679.83,7e-05,False
1741805585783,82679.83,7e-05,False
1741805585783,82680.15,7e-05,False
1741805585783,82680.15,7e-05,False
1741805585783,82681.39,7e-05,False
1741805585783,82681.39,7e-05,False
1741805585783,82681.66,7e-05,False
1741805585783,82681.66,0.0001,False
1741805585783,82681.66,7e-05,False
1741805585783,82681.66,7e-05,False
1741805585808,82681.67,7e-05,False
1741805585808,82681.67,0.00012,False
1741805585808,82681.67,7e-05,False
1741805585808,82681.67,7e-05,False
1741805585808,82681.67,7e-05,False
1741805585808,82681.67,7e-05,False
1741805585808,82681.67,7e-05,False
1741805585808,82681.67,7e-05,False
1741805585808,82681.67,0.0001,False
1741805585808,82681.67,0.0169,False
1741805585815,82681.68,7e-05,False
1741805585815,82681.68,7e-05,False
1741805585815,82681.68,0.00013,False
1741805585815,82681.68,7e-05,False
1741805585815,82681.68,7e-05,False
1741805585815,82681.68,7e-05,False
1741805585815,82681.68,7e-05,False
1741805585815,82681.99,7e-05,False
1741805585815,82681.99,7e-05,False
1741805585815,82682.03,7e-05,False
1741805585815,82682.03,7e-05,False
1741805585815,82682.85,0.00014,False
1741805585815,82682.85,7e-05,False
1741805585815,82682.85,7e-05,False
1741805585815,82682.86,7e-05,False
1741805585815,82682.86,7e-05,False
1741805585815,82682.86,7e-05,False
1741805585815,82682.88,7e-05,False
1741805585815,82682.95,0.00013,False
1741805585815,82682.95,7e-05,False
1741805585815,82683.68,7e-05,False
1741805585815,82683.68,7e-05,False
1741805585815,82684.71,7e-05,False
1741805586003,82684.72,7e-05,False
1741805586003,82684.72,7e-05,False
1741805586003,82684.72,7e-05,False
1741805586003,82684.72,7e-05,False
1741805586003,82684.72,7e-05,False
1741805586003,82684.72,0.00014,False
1741805586003,82684.72,0.001,False
1741805586003,82684.72,7e-05,False
1741805586003,82684.72,0.0001,False
1741805586003,82684.73,8e-05,False
1741805586003,82684.73,7e-05,False
1741805586003,82684.73,7e-05,False
1741805586003,82684.73,0.00014,False
1741805586003,82684.73,0.00013,False
1741805586003,82685.14,0.00018,False
1741805586003,82685.14,0.00018,False
1741805586003,82685.14,0.00011,False
1741805586003,82685.15,7e-05,False
1741805586003,82685.15,7e-05,False
1741805586003,82685.15,7e-05,False
1741805586003,82685.16,0.003,False
1741805586003,82685.16,7e-05,False
1741805586003,82685.16,7e-05,False
1741805586003,82685.32,7e-05,False
1741805586003,82685.32,7e-05,False
1741805586003,82685.32,7e-05,False
1741805586003,82685.38,7e-05,False
1741805586003,82685.38,7e-05,False
1741805586003,82685.39,7e-05,False
1741805586003,82685.65,7e-05,False
1741805586003,82686.15,7e-05,False
1741805586003,82686.6,7e-05,False
1741805586121,82686.84,0.00131,False
1741805586121,82686.84,7e-05,False
1741805586121,82686.84,7e-05,False
1741805586121,82686.84,7e-05,False
1741805586121,82686.84,7e-05,False
1741805586121,82686.84,7e-05,False
1741805586121,82686.84,7e-05,False
1741805586121,82686.84,0.0001,False
1741805586121,82686.84,0.00014,False
1741805586121,82686.85,0.00011,False
1741805586342,82686.84,0.0679,True
1741805586342,82686.84,0.0672,True
1741805586342,82686.84,0.08662,True
1741805586342,82686.84,0.0001,True
1741805586342,82686.84,0.54173,True
1741805586342,82686.84,0.10643,True
1741805586342,82686.84,0.0145,True
1741805586342,82686.84,0.15072,True
1741805586342,82686.84,0.35051,True
1741805586342,82686.84,0.0005,True
1741805586342,82686.84,0.16358,True
1741805586342,82686.84,0.05135,True
1741805586400,82686.85,7e-05,False
1741805586400,82686.85,7e-05,False
1741805586400,82686.85,7e-05,False
1741805586400,82686.85,7e-05,False
1741805586400,82686.85,0.00426,False
1741805586400,82686.85,0.00197,False
1741805587162,82686.84,0.00193,True
1741805587415,82686.84,0.0169,True
1741805587415,82686.84,0.00013,True
1741805587415,82686.84,0.0001,True
1741805587415,82686.84,0.0001,True
1741805587415,82686.83,0.00014,True
1741805587415,82686.83,0.00013,True
1741805587415,82686.83,0.00013,True
1741805587415,82686.81,7e-05,True
1741805587415,82686.8,0.003,True
1741805587415,82684.72,7e-05,True
1741805587732,82684.71,0.02244,True
1741805587732,82684.71,7e-05,True
1741805587732,82684.71,0.00013,True
1741805587732,82684.71,0.0001,True
1741805587732,82684.7,0.003,True
1741805587732,82684.7,0.00014,True
1741805587732,82684.7,0.00014,True
1741805587732,82684.7,0.00013,True
1741805587732,82684.55,0.00011,True
1741805587732,82684.51,7e-05,True
1741805587732,82682.85,0.0001,True
1741805587732,82682.85,0.0001,True
1741805587732,82682.85,0.0001,True
1741805587732,82682.75,7e-05,True
1741805587732,82682.75,9e-05,True
1741805588230,82682.74,0.00072,True
1741805588278,82682.75,0.00182,False
1741805588279,82682.75,7e-05,False
1741805588690,82682.74,0.009,True
1741805589000,82682.74,0.00146,True
1741805589105,82682.74,0.0011,True
1741805589195,82682.74,0.00193,True
1741805589195,82682.74,0.00013,True
1741805589195,82682.74,0.00024,True
1741805589195,82682.74,0.00094,True
1741805589277,82682.75,0.00018,False
1741805589431,82682.74,0.01596,True
1741805589431,82682.74,0.0001,True
1741805589431,82682.74,0.02212,True
1741805589431,82682.74,0.1042,True
1741805589431,82682.74,0.0145,True
1741805589431,82682.74,0.0605,True
1741805589431,82682.74,0.00013,True
1741805589431,82682.74,0.03023,True
1741805589431,82682.73,9e-05,True
1741805589431,82682.73,0.00014,True
1741805589431,82682.73,0.00013,True
1741805589431,82682.73,0.00014,True
1741805589431,82682.71,7e-05,True
1741805589431,82682.7,0.003,True
1741805589431,82682.37,7e-05,True
1741805589431,82682.37,7e-05,True
1741805589431,82682.37,7e-05,True
1741805589431,82682.36,0.12597,True
1741805589431,82681.82,0.00131,True
1741805589431,82681.22,7e-05,True
1741805589431,82680.84,0.00011,True
1741805589431,82680.83,0.00011,True
1741805589431,82680.82,8e-05,True
1741805589431,82680.39,7e-05,True
1741805589431,82680.04,0.00015,True
1741805589431,82680.04,0.00015,True
1741805589431,82679.24,0.59773,True
1741805589511,82679.25,0.00131,False
1741805589907,82679.24,0.00013,True
1741805589907,82679.24,0.00101,True
1741805589907,82679.24,0.00344,True
1741805589907,82679.24,0.0001,True
1741805589907,82679.23,0.00018,True
1741805589907,82679.23,0.00014,True
1741805589907,82679.23,0.00014,True
1741805589907,82679.23,0.00013,True
1741805589907,82678.75,7e-05,True
1741805589907,82678.58,0.00012,True
1741805589907,82678.57,7e-05,True
1741805589907,82678.56,0.003,True
1741805589907,82677.93,7e-05,True
1741805589907,82677.59,0.00013,True
1741805589907,82677.18,0.00014,True
1741805589907,82677.18,0.00018,True
1741805589907,82677.18,0.00014,True
1741805589907,82677.1,7e-05,True
1741805589907,82676.89,7e-05,True
1741805589907,82676.89,8e-05,True
1741805589907,82676.89,8e-05,True
1741805589916,82676.88,0.0001,True
1741805589916,82676.88,0.0169,True
1741805589916,82676.88,0.01,True
1741805589916,82676.87,0.00011,True
1741805589916,82676.72,8e-05,True
1741805589916,82676.53,0.00125,True
1741805589916,82675.82,7e-05,True
1741805590073,82675.82,0.00033,False
1741805590076,82675.82,0.00027,False
1741805590164,82675.82,6e-05,False
1741805590470,82675.81,7e-05,True
1741805590908,82675.82,0.00018,False
1741805591046,82675.82,0.00123,False
1741805591241,82675.82,8e-05,False
1741805591318,82675.82,0.00026,False
1741805591543,82675.81,0.00121,True
1741805592180,82675.82,0.00011,False
1741805592256,82675.81,0.00132,True
1741805592356,82675.81,0.00181,True
1741805592471,82675.82,0.00021,False
1741805592661,82675.82,0.00014,False
1741805592703,82675.81,0.00699,True
1741805594398,82675.82,0.00012,False
1741805594800,82675.82,9e-05,False
1741805594974,82675.82,0.00497,False
1741805595193,82675.82,0.00138,False
1741805595936,82675.81,0.00098,True
1741805595936,82675.81,0.0058,True
1741805595936,82675.81,0.00543,True
1741805595995,82675.82,7e-05,False
1741805595995,82675.82,7e-05,False
1741805595995,82675.82,7e-05,False
1741805595995,82675.82,0.00013,False
1741805595995,82675.82,7e-05,False
1741805595995,82675.82,7e-05,False
1741805595995,82675.82,8e-05,False
1741805595995,82675.82,7e-05,False
1741805595995,82675.82,8e-05,False
1741805595995,82675.82,0.00031,False
1741805596331,82675.82,0.00013,False
1741805596360,82675.82,0.00106,False
1741805596562,82675.81,0.01849,True
1741805596693,82675.81,0.00489,True
1741805596856,82675.81,7e-05,True
1741805597107,82675.81,0.00013,True
1741805597107,82675.81,0.00012,True
1741805597123,82675.81,0.0226,True
1741805597123,82675.81,0.02463,True
1741805597123,82675.81,0.00885,True
1741805597124,82675.81,0.02138,True
1741805597124,82675.81,0.00345,True
1741805597124,82675.81,0.00054,True
1741805597124,82675.81,0.0001,True
1741805597124,82675.81,0.0071,True
1741805597124,82675.81,0.00013,True
1741805597124,82675.81,7e-05,True
1741805597124,82675.81,0.0001,True
1741805597124,82675.8,0.00013,True
1741805597124,82675.8,0.00013,True
1741805597124,82675.8,0.00013,True
1741805597124,82675.8,0.003,True
1741805597125,82674.34,0.0003,True
1741805597125,82674.34,0.00014,True
1741805597125,82674.34,0.00014,True
1741805597125,82674.34,0.00014,True
1741805597128,82673.49,8e-05,True
1741805597128,82673.49,8e-05,True
1741805597133,82673.31,7e-05,True
1741805597133,82673.31,0.0001,True
1741805597138,82672.99,7e-05,True
1741805597138,82672.99,7e-05,True
1741805597138,82672.99,0.0001,True
1741805597141,82672.98,0.02379,True
1741805597141,82672.98,0.0001,True
1741805597143,82672.01,0.00032,True
1741805597143,82671.98,0.0003,True
1741805597147,82671.35,0.00015,True
1741805597147,82671.35,8e-05,True
1741805597147,82671.35,8e-05,True
1741805597147,82671.34,8e-05,True
1741805597150,82671.25,0.00125,True
1741805597159,82670.73,0.00192,True
1741805597159,82670.73,0.0001,True
1741805597162,82670.72,0.0001,True
1741805597165,82670.22,7e-05,True
1741805597165,82670.21,0.02374,True
1741805597166,82670.05,0.00013,True
1741805597167,82670.01,7e-05,True
1741805597172,82670.0,0.00399,True
1741805597174,82670.0,0.00414,True
1741805597174,82670.0,0.0001,True
1741805597174,82669.99,0.00035,True
1741805597179,82669.8,0.00013,True
1741805597179,82669.8,0.0001,True
1741805597179,82669.69,7e-05,True
1741805597179,82669.44,7e-05,True
1741805597179,82669.44,0.0001,True
1741805597179,82669.44,0.0001,True
1741805597179,82669.44,0.0001,True
1741805597182,82669.05,0.00123,True
1741805597182,82668.01,0.00055,True
1741805597182,82667.49,7e-05,True
1741805597182,82667.48,0.00504,True
1741805597182,82667.01,0.00026,True
1741805597182,82666.93,0.00024,True
1741805597182,82666.92,7e-05,True
1741805597182,82666.84,0.00013,True
1741805597182,82666.81,0.0003,True
1741805597182,82666.62,7e-05,True
1741805597182,82666.58,0.00506,True
1741805597182,82666.26,0.00025,True
1741805597182,82666.13,0.00013,True
1741805597182,82665.97,0.00125,True
1741805597182,82665.96,0.02483,True
1741805597182,82665.96,0.04293,True
1741805597182,82665.84,7e-05,True
1741805597182,82665.83,0.03183,True
1741805597182,82664.76,8e-05,True
1741805597182,82664.76,0.00022,True
1741805597182,82664.75,0.00024,True
1741805597182,82664.28,7e-05,True
1741805597182,82664.01,7e-05,True
1741805597182,82664.0,0.0018,True
1741805597182,82664.0,0.0001,True
1741805597182,82664.0,0.0001,True
1741805597182,82664.0,0.002,True
1741805597182,82664.0,0.00015,True
1741805597182,82663.86,0.003,True
1741805597182,82663.86,0.01007,True
1741805597182,82663.85,7e-05,True
1741805597182,82663.13,0.00013,True
1741805597182,82663.01,0.00013,True
1741805597182,82662.0,0.02419,True
1741805597183,82661.69,0.0001,True
1741805597183,82661.68,7e-05,True
1741805597183,82661.67,0.48823,True
1741805597183,82661.67,0.1074,True
1741805597183,82661.67,0.04939,True
1741805597183,82661.67,0.24533,True
1741805597184,82661.47,0.00013,True
1741805597184,82660.96,0.00677,True
1741805597185,82660.96,0.00599,True
1741805597185,82660.96,0.09179,True
1741805597186,82660.96,0.00706,True
1741805597186,82660.55,0.00013,True
1741805597186,82660.35,0.0006,True
1741805597186,82660.34,0.003,True
1741805597186,82660.0,0.002,True
1741805597186,82660.0,0.0001,True
1741805597186,82660.0,0.0001,True
1741805597186,82660.0,0.00015,True
1741805597186,82659.7,7e-05,True
1741805597186,82659.45,0.08,True
1741805597186,82660.0,0.00036,True
1741805597186,82658.89,8e-05,True
1741805597186,82658.14,0.00013,True
1741805597186,82656.99,0.00709,True
1741805597186,82656.99,0.00809,True
1741805597187,82659.77,0.00019,True
1741805597187,82659.66,7e-05,True
1741805597187,82658.64,0.00011,True
1741805597187,82656.99,0.35303,True
1741805597188,82657.0,7e-05,True
1741805597189,82656.99,0.46215,True
1741805597189,82656.54,0.02,True
1741805597189,82656.0,0.0001,True
1741805597189,82656.0,0.002,True
1741805597189,82656.0,0.0001,True
1741805597189,82656.0,0.00015,True
1741805597189,82655.89,0.00013,True
1741805597191,82655.64,0.08,True
1741805597191,82655.64,0.04,True
1741805597191,82655.55,7e-05,True
1741805597191,82655.55,0.04,True
1741805597191,82655.1,0.00013,True
1741805597191,82653.74,0.00013,True
1741805597191,82653.47,0.0001,True
1741805597191,82652.93,0.15127,True
1741805597194,82654.0,0.0003,True
1741805597194,82652.93,0.00247,True
1741805597206,82654.0,0.00239,False
1741805597209,82652.94,7e-05,True
1741805597209,82652.94,0.00108,True
1741805597209,82652.94,0.00085,True
1741805597209,82652.94,0.00082,True
1741805597209,82652.28,0.0003,True
1741805597209,82652.23,0.0072,True
1741805597209,82652.0,0.0001,True
1741805597209,82652.0,0.002,True
1741805597209,82652.0,0.0001,True
1741805597209,82652.0,0.00015,True
1741805597209,82651.4,7e-05,True
1741805597209,82651.02,0.0003,True
1741805597209,82651.0,7e-05,True
1741805597209,82650.95,0.00065,True
1741805597209,82650.72,0.00013,True
1741805597209,82650.0,7e-05,True
1741805597209,82649.2,7e-05,True
1741805597209,82648.06,0.00013,True
1741805597209,82648.0,0.0001,True
1741805597209,82648.0,0.002,True
1741805597209,82648.0,0.0001,True
1741805597209,82648.0,0.00015,True
1741805597209,82647.47,7e-05,True
1741805597209,82647.25,7e-05,True
1741805597209,82647.2,0.00535,True
1741805597210,82647.2,0.00365,True
1741805597210,82647.11,0.0003,True
1741805597210,82647.02,0.01405,True
1741805597210,82647.02,0.00969,True
1741805597210,82646.87,7e-05,True
1741805597210,82646.86,0.15024,True
1741805597221,82646.76,7e-05,True
1741805597221,82645.47,0.00013,True
1741805597221,82645.41,7e-05,True
1741805597221,82645.38,0.00128,True
1741805597240,82645.47,0.007,True
1741805597241,82646.34,7e-05,True
1741805597424,82646.35,0.0002,False
1741805597509,82646.34,0.00121,True
1741805597790,82646.35,7e-05,False
1741805597790,82646.35,7e-05,False
1741805597790,82646.35,7e-05,False
1741805597790,82646.35,7e-05,False
1741805597790,82646.35,7e-05,False
1741805597790,82646.35,7e-05,False
1741805597790,82646.35,0.001,False
1741805597790,82646.35,0.00013,False
1741805597790,82646.35,0.00022,False
1741805597790,82646.35,0.0001,False
1741805597790,82646.36,0.00013,False
1741805597790,82646.36,7e-05,False
1741805597790,82646.36,7e-05,False
1741805597790,82646.36,0.00013,False
1741805597790,82646.36,0.00014,False
1741805597790,82646.74,7e-05,False
1741805597790,82646.74,7e-05,False
1741805597790,82646.75,7e-05,False
1741805597790,82646.75,7e-05,False
1741805597790,82646.76,7e-05,False
1741805597790,82646.76,7e-05,False
1741805597790,82646.77,7e-05,False
1741805597790,82646.86,7e-05,False
1741805597790,82646.86,7e-05,False
1741805597790,82646.87,0.00304,False
1741805597790,82646.87,7e-05,False
1741805597790,82647.74,9e-05,False
1741805597794,82647.78,0.0001,False
1741805597794,82647.78,7e-05,False
1741805597794,82647.78,0.0001,False
1741805597794,82647.78,7e-05,False
1741805597794,82647.78,7e-05,False
1741805597829,82647.78,0.01197,True
1741805597829,82647.78,0.09318,True
1741805597829,82647.78,0.04329,True
1741805597829,82647.78,0.0761,True
1741805597829,82647.78,0.0001,True
1741805597829,82647.78,0.00342,True
1741805597836,82647.78,0.00345,True
1741805597852,82647.79,0.00453,False
1741805597859,82647.79,0.03547,False
1741805597859,82647.79,7e-05,False
1741805597859,82647.79,7e-05,False
1741805597859,82647.79,7e-05,False
1741805597859,82647.79,7e-05,False
1741805597859,82647.79,7e-05,False
1741805597859,82647.79,7e-05,False
1741805597861,82647.8,0.00013,False
1741805597861,82647.8,7e-05,False
1741805597861,82647.8,7e-05,False
1741805597863,82649.11,7e-05,False
1741805597863,82649.11,7e-05,False
1741805597877,82649.55,7e-05,False
1741805597877,82649.55,7e-05,False
1741805597877,82649.55,7e-05,False
1741805597877,82649.55,7e-05,False
1741805597877,82649.55,7e-05,False
1741805597877,82649.55,7e-05,False
1741805597877,82649.55,7e-05,False
1741805597877,82649.55,0.00664,False
1741805597877,82649.56,0.00507,False
1741805597877,82649.56,7e-05,False
1741805597877,82649.56,7e-05,False
1741805597877,82650.13,7e-05,False
1741805597877,82650.13,7e-05,False
1741805597877,82650.14,7e-05,False
1741805597877,82650.14,7e-05,False
1741805597877,82650.75,7e-05,False
1741805597877,82650.75,7e-05,False
1741805597877,82650.98,8e-05,False
1741805597877,82650.98,7e-05,False
1741805597903,82652.4,7e-05,False
1741805597903,82652.4,7e-05,False
1741805597903,82652.4,7e-05,False
1741805597903,82652.4,7e-05,False
1741805597903,82652.4,7e-05,False
1741805597903,82652.4,7e-05,False
1741805597903,82652.4,0.00076,False
1741805597903,82652.41,0.00013,False
1741805597903,82653.04,7e-05,False
1741805597903,82653.04,7e-05,False
1741805597903,82653.05,8e-05,False
1741805597903,82653.05,7e-05,False
1741805597903,82653.05,7e-05,False
1741805597916,82653.61,8e-05,False
1741805597916,82653.61,7e-05,False
1741805597916,82653.61,7e-05,False
1741805597916,82653.61,7e-05,False
1741805597916,82653.61,7e-05,False
1741805597916,82653.61,7e-05,False
1741805597916,82653.61,7e-05,False
1741805597916,82653.61,0.00065,False
1741805597916,82653.62,7e-05,False
1741805597916,82653.62,7e-05,False
1741805597916,82655.1,0.0001,False
1741805597916,82655.1,7e-05,False
1741805597916,82655.1,7e-05,False
1741805597916,82656.92,7e-05,False
1741805597916,82656.92,7e-05,False
1741805597916,82656.94,0.00013,False
1741805597916,82656.94,7e-05,False
1741805597916,82656.94,7e-05,False
1741805597916,82657.28,7e-05,False
1741805597916,82658.4,0.00013,False
1741805597916,82658.4,7e-05,False
1741805597916,82658.62,7e-05,False
1741805597916,82658.62,7e-05,False
1741805597987,82658.64,0.00048,False
1741805598155,82658.64,0.00147,False
1741805598194,82658.64,0.00015,False
1741805598475,82658.63,0.00054,True
1741805598475,82658.63,0.00054,True
1741805598475,82658.63,0.00014,True
1741805598475,82658.63,0.00174,True
1741805598475,82658.63,0.0001,True
1741805598475,82658.63,7e-05,True
1741805598475,82658.63,7e-05,True
1741805598475,82658.63,8e-05,True
1741805598475,82658.62,0.00014,True
1741805598475,82658.62,0.00013,True
1741805598475,82658.62,0.00014,True
1741805598475,82658.62,8e-05,True
1741805598475,82658.62,7e-05,True
1741805598475,82658.62,7e-05,True
1741805598475,82658.61,7e-05,True
1741805598475,82658.6,0.003,True
1741805598475,82656.82,7e-05,True
1741805598815,82656.53,0.00014,True
1741805598815,82656.53,0.0001,True
1741805598815,82656.53,0.0001,True
1741805598815,82656.53,0.0001,True
1741805598815,82656.52,0.00014,True
1741805598815,82656.52,0.00013,True
1741805598815,82656.52,0.00013,True
1741805598815,82655.7,7e-05,True
1741805598815,82655.02,7e-05,True
1741805598839,82655.01,0.0001,True
1741805598839,82655.0,0.00013,True
1741805598839,82654.95,8e-05,True
1741805598839,82654.95,8e-05,True
1741805598839,82653.63,7e-05,True
1741805598839,82653.33,0.00125,True
1741805598839,82653.23,7e-05,True
1741805598839,82652.61,8e-05,True
1741805598839,82650.76,7e-05,True
1741805598839,82650.76,7e-05,True
1741805598839,82650.76,7e-05,True
1741805598839,82650.76,8e-05,True
1741805598856,82650.75,0.0001,True
1741805598856,82650.74,0.00011,True
1741805598856,82649.94,7e-05,True
1741805598856,82649.56,8e-05,True
1741805598856,82649.56,7e-05,True
1741805598856,82649.56,7e-05,True
1741805598856,82649.42,0.00021,True
1741805598856,82649.39,7e-05,True
1741805598856,82649.39,8e-05,True
1741805598856,82649.39,0.00028,True
1741805598856,82649.39,0.00021,True
1741805598856,82649.39,0.00028,True
1741805599237,82648.05,0.00125,True
1741805599237,82648.05,0.0001,True
1741805599237,82648.05,0.00013,True
1741805599237,82648.04,0.00014,True
1741805599237,82648.04,0.00014,True
1741805599237,82648.04,0.00014,True
1741805599237,82648.04,0.00014,True
1741805599237,82647.25,7e-05,True
1741805599237,82646.35,0.00015,True
1741805599237,82646.35,0.00015,True
1741805599237,82646.35,0.00015,True
1741805599237,82646.23,7e-05,True
1741805599237,82646.23,7e-05,True
1741805599237,82646.23,7e-05,True
1741805599237,82646.23,8e-05,True
1741805599256,82646.22,0.0001,True
1741805599256,82646.22,0.0169,True
1741805599256,82646.22,9e-05,True
1741805599256,82646.21,7e-05,True
1741805599256,82646.21,7e-05,True
1741805599256,82646.21,9e-05,True
1741805599256,82646.21,0.00026,True
1741805599393,82645.4,7e-05,True
1741805599393,82645.4,0.0001,True
1741805599393,82645.4,0.00035,True
1741805599393,82645.4,9e-05,True
1741805599393,82645.4,9e-05,True
1741805599393,82645.4,0.00013,True
1741805599393,82645.39,0.01038,True
1741805599393,82645.39,0.02217,True
1741805599393,82645.39,0.00014,True
1741805599393,82645.39,0.00013,True
1741805599393,82645.36,0.00011,True
1741805599393,82645.36,0.00011,True
1741805599393,82645.17,0.0012,True
1741805599416,82644.02,0.00012,True
1741805599416,82644.02,0.00012,True
1741805599416,82644.02,0.00012,True
1741805599416,82644.02,0.0001,True
1741805599416,82644.01,0.00011,True
1741805599416,82644.0,0.0001,True
1741805599416,82644.0,0.002,True
1741805599416,82644.0,0.0001,True
1741805599416,82644.0,0.00015,True
1741805599416,82642.76,0.00125,True
1741805599416,82642.72,0.0003,True
1741805599416,82642.7,0.00019,True
1741805599416,82642.7,0.00017,True
1741805599416,82642.08,0.00013,True
1741805599416,82642.08,0.00013,True
1741805599416,82642.08,0.00053,True
1741805599437,82641.51,7e-05,True
1741805599437,82641.51,8e-05,True
1741805599437,82641.51,7e-05,True
1741805599437,82641.51,7e-05,True
1741805599437,82641.51,7e-05,True
1741805599437,82641.51,0.0001,True
1741805599437,82641.51,0.00012,True
1741805599437,82641.51,0.00012,True
1741805599437,82641.51,0.00012,True
1741805599437,82641.51,0.00012,True
1741805599463,82641.5,0.07071,True
1741805599463,82641.5,0.00014,True
1741805599463,82641.5,0.0001,True
1741805599463,82641.04,0.00013,True
1741805599463,82640.0,0.0001,True
1741805599463,82640.0,0.002,True
1741805599463,82640.0,0.0001,True
1741805599463,82640.0,0.00015,True
1741805599463,82639.7,0.0006,True
1741805599463,82639.65,0.00016,True
1741805599466,82639.2,0.00012,True
1741805599466,82639.2,0.00012,True
1741805599466,82639.2,0.00016,True
1741805599466,82639.2,0.00012,True
1741805599466,82639.19,0.002,True
1741805599466,82638.95,7e-05,True
1741805599466,82638.49,7e-05,True
1741805599466,82638.48,0.00507,True
1741805599466,82637.94,0.00013,True
1741805599466,82637.86,0.0003,True
1741805599466,82637.48,0.00125,True
1741805599467,82637.04,0.00029,True
1741805599498,82636.53,0.0001,True
1741805599498,82636.52,0.00025,True
1741805599498,82636.23,7e-05,True
1741805599498,82636.13,0.00044,True
1741805599498,82636.13,0.02202,True
1741805599498,82636.0,0.0001,True
1741805599498,82636.0,0.002,True
1741805599498,82636.0,0.0001,True
1741805599498,82636.0,0.00015,True
1741805599498,82635.95,7e-05,True
1741805599498,82635.78,0.00013,True
1741805599498,82635.62,0.00023,True
1741805599498,82635.58,0.00025,True
1741805599498,82635.57,7e-05,True
1741805599498,82635.57,8e-05,True
1741805599498,82635.57,7e-05,True
1741805599498,82635.57,0.00018,True
1741805599498,82635.57,0.00018,True
1741805599498,82635.57,0.00018,True
1741805599498,82635.57,0.0002,True
1741805599508,82634.69,0.00016,False
1741805599509,82634.69,0.00016,False
1741805599513,82634.69,0.00016,False
1741805599513,82634.69,0.00016,False
1741805599514,82634.69,0.00016,False
1741805599515,82634.69,0.00016,False
1741805599516,82634.69,0.00016,False
1741805599522,82634.69,0.00016,False
1741805599544,82634.68,0.0001,True
1741805599544,82634.68,0.00013,True
1741805599546,82634.68,0.0001,True
1741805599546,82634.67,9e-05,True
1741805599546,82634.67,0.00014,True
1741805599546,82634.67,0.0001,True
1741805599546,82634.3,7e-05,True
1741805599546,82634.11,0.00023,True
1741805599546,82634.11,7e-05,True
1741805599546,82634.11,7e-05,True
1741805599546,82634.11,0.0001,True
1741805599546,82634.11,0.0001,True
1741805599546,82633.84,7e-05,True
1741805599549,82633.83,0.003,True
1741805599716,82633.22,0.0001,False
1741805599738,82633.21,0.00013,True
1741805599738,82633.21,0.03694,True
1741805599740,82633.21,0.0115,True
1741805599741,82633.21,0.05735,True
1741805599741,82633.21,0.05207,True
1741805599741,82633.21,0.1305,True
1741805599741,82633.2,8e-05,True
1741805599741,82633.2,0.00014,True
1741805599741,82633.2,0.00014,True
1741805599741,82633.2,0.00014,True
1741805599741,82632.29,0.00027,True
1741805599741,82632.29,8e-05,True
1741805599741,82632.29,9e-05,True
1741805599741,82632.29,9e-05,True
1741805599741,82632.28,0.00069,True
1741805599741,82632.28,0.00013,True
1741805599741,82632.28,0.00016,True
1741805599741,82632.2,0.00125,True
1741805599741,82632.0,0.0001,True
1741805599741,82632.0,0.002,True
1741805599741,82632.0,0.0001,True
1741805599741,82632.0,0.00015,True
1741805599741,82631.53,8e-05,True
1741805599741,82631.52,0.003,True
1741805599741,82630.52,0.0002,True
1741805599741,82629.84,7e-05,True
1741805599741,82629.73,0.00101,True
1741805599817,82628.83,0.00022,True
1741805599817,82628.83,0.00289,True
1741805599817,82628.83,0.00859,True
1741805599870,82628.83,0.00919,True
1741805599870,82628.83,0.02076,True
1741805599870,82628.83,0.00493,True
1741805599870,82628.83,0.01411,True
1741805599870,82628.83,0.0001,True
1741805599870,82628.83,0.0001,True
1741805599870,82628.82,0.00021,True
1741805599870,82628.82,0.00018,True
1741805599870,82628.82,0.00018,True
1741805599870,82628.82,0.00026,True
1741805599870,82628.82,0.00018,True
1741805599870,82628.82,0.00013,True
1741805599870,82628.82,0.00014,True
1741805599870,82628.81,0.00302,True
1741805599870,82628.61,0.00019,True
1741805599870,82628.57,0.00055,True
1741805599870,82628.57,7e-05,True
1741805599870,82628.0,0.0001,True
1741805599870,82628.0,0.002,True
1741805599870,82628.0,0.0001,True
1741805599870,82628.0,0.00015,True
1741805599870,82626.92,0.00125,True
1741805599871,82626.79,0.002,True
1741805599871,82624.02,9e-05,True
1741805599871,82624.0,0.0001,True
1741805599871,82624.0,0.002,True
1741805599871,82624.0,0.0001,True
1741805599871,82624.0,0.00015,True
1741805599876,82623.26,0.00022,True
1741805599876,82623.26,7e-05,True
1741805599876,82623.25,0.003,True
1741805599876,82622.85,7e-05,True
1741805599876,82622.84,0.00505,True
1741805599878,82622.01,7e-05,True
1741805599878,82622.01,0.0001,True
1741805599878,82622.01,0.0001,True
1741805599878,82622.0,0.01264,True
1741805599884,82622.0,0.00605,True
1741805599887,82622.0,0.00551,True
1741805599887,82621.64,0.00125,True
1741805599888,82620.61,0.00013,True
1741805599888,82620.56,7e-05,True
1741805599888,82620.56,0.00013,True
1741805599888,82620.56,0.00013,True
1741805599888,82620.55,0.08038,True
1741805599899,82620.0,0.0001,True
1741805599899,82620.0,0.002,True
1741805599899,82620.0,0.0001,True
1741805599899,82620.0,0.00015,True
1741805599899,82619.37,0.00021,True
1741805599899,82618.51,0.00027,True
1741805599899,82618.5,0.00013,True
1741805599899,82618.37,0.00013,True
1741805599899,82618.2,7e-05,True
1741805599899,82616.6,7e-05,True
1741805599899,82616.18,0.00016,True
1741805599899,82616.18,0.00016,True
1741805599899,82616.18,8e-05,True
1741805599899,82616.16,0.00242,True
1741805599907,82616.17,8e-05,False
1741805600117,82616.17,0.0002,False
1741805600162,82616.16,0.00099,True
1741805600269,82616.16,0.00325,True
1741805600269,82616.16,0.00014,True
1741805600269,82616.16,0.00063,True
1741805600269,82616.16,0.00106,True
1741805600269,82616.16,0.00063,True
1741805600269,82616.16,0.00063,True
1741805600269,82616.16,0.00101,True
1741805600269,82616.16,0.0001,True
1741805600269,82616.16,0.0001,True
1741805600269,82616.15,0.00063,True
1741805600269,82616.15,0.00013,True
1741805600269,82616.15,0.00013,True
1741805600269,82616.15,0.00014,True
1741805600269,82616.0,0.0001,True
1741805600269,82616.0,0.002,True
1741805600269,82616.0,0.0001,True
1741805600269,82616.0,0.00015,True
1741805600269,82615.77,7e-05,True
1741805600315,82615.76,0.0001,True
1741805600315,82615.75,0.00013,True
1741805600315,82615.02,0.00023,True
1741805600315,82614.4,9e-05,True
1741805600315,82614.39,0.00014,True
1741805600315,82614.38,0.002,True
1741805600315,82613.72,7e-05,True
1741805600315,82612.62,0.00018,True
1741805600315,82612.61,0.00054,True
1741805600315,82612.0,0.0001,True
1741805600315,82612.0,0.002,True
1741805600315,82612.0,0.0001,True
1741805600315,82612.0,0.00015,True
1741805600315,82611.49,0.00152,True
1741805600315,82610.92,0.00012,True
1741805600315,82610.82,0.00075,True
1741805600315,82610.78,0.00019,True
1741805600315,82610.77,7e-05,True
1741805600315,82610.69,0.0003,True
1741805600315,82610.54,7e-05,True
1741805600319,82610.53,7e-05,True
1741805600377,82610.54,0.02582,False
1741805600505,82610.54,0.00215,False
1741805600767,82610.53,0.0001,True
1741805600767,82610.53,4e-05,True
1741805600841,82610.54,7e-05,False
1741805600841,82610.54,0.00389,False
1741805600841,82610.54,0.00014,False
1741805600841,82610.54,7e-05,False
1741805600841,82610.54,7e-05,False
1741805600841,82610.54,7e-05,False
1741805600841,82610.54,7e-05,False
1741805600841,82610.54,7e-05,False
1741805600841,82610.55,0.00014,False
1741805600841,82610.55,0.00014,False
1741805600841,82610.55,0.00013,False
1741805600841,82610.55,7e-05,False
1741805600841,82610.55,7e-05,False
1741805600841,82610.89,7e-05,False
1741805600841,82610.89,7e-05,False
1741805600841,82610.9,7e-05,False
1741805600841,82610.9,7e-05,False
1741805600841,82610.93,0.00038,False
1741805600841,82610.93,7e-05,False
1741805600841,82610.93,7e-05,False
1741805600841,82611.24,7e-05,False
1741805600841,82611.24,7e-05,False
1741805600841,82611.47,7e-05,False
1741805600841,82611.63,7e-05,False
1741805600841,82612.89,7e-05,False
1741805600968,82615.7,0.00039,True
1741805601577,82615.7,0.00062,True
1741805601655,82615.7,0.0001,True
1741805601655,82615.7,0.0001,True
1741805601655,82615.7,0.00014,True
1741805601655,82615.7,0.00141,True
1741805601655,82615.7,0.01455,True
1741805601729,82615.71,7e-05,False
1741805601729,82615.71,7e-05,False
1741805601729,82615.71,7e-05,False
1741805601729,82615.71,7e-05,False
1741805601729,82615.71,4e-05,False
1741805601768,82615.7,0.0001,True
1741805601768,82615.7,0.0169,True
1741805601768,82615.7,0.00014,True
1741805601768,82615.7,0.0017,True
1741805601768,82615.69,0.00013,True
1741805601768,82615.69,0.00013,True
1741805601768,82615.69,0.00014,True
1741805601768,82615.67,0.00056,True
1741805601768,82615.52,7e-05,True
1741805601768,82615.52,7e-05,True
1741805601768,82615.52,7e-05,True
1741805601768,82615.52,8e-05,True
1741805601907,82615.52,0.0005,False
1741805602057,82615.51,0.00067,True
1741805602099,82615.51,0.00101,True
1741805602257,82615.51,7e-05,True
1741805602257,82615.51,0.0001,True
1741805602257,82615.51,0.00013,True
1741805602311,82615.52,7e-05,False
1741805602315,82615.51,0.0001,True
1741805602315,82615.51,7e-05,True
1741805602315,82615.51,0.00055,True
1741805602315,82615.5,0.00472,True
1741805602315,82615.5,0.00014,True
1741805602315,82615.5,0.00013,True
1741805602315,82615.5,0.00013,True
1741805602315,82615.5,0.003,True
1741805602315,82615.48,0.00058,True
1741805602315,82613.71,0.00012,True
1741805602315,82613.71,0.00012,True
1741805602315,82613.36,7e-05,True
1741805602620,82613.36,0.00058,False
1741805603106,82613.36,0.00049,False
1741805603219,82613.35,0.00013,True
1741805603219,82613.35,0.0001,True
1741805603219,82613.35,0.00788,True
1741805603246,82613.36,0.001,False
1741805603314,82613.36,0.00012,False
1741805603354,82613.35,0.0001,True
1741805603354,82613.34,0.00014,True
1741805603354,82613.34,0.00013,True
1741805603354,82613.34,0.00013,True
1741805603354,82613.34,0.00014,True
1741805603354,82613.33,0.00052,True
1741805603354,82612.9,7e-05,True
1741805603354,82612.69,8e-05,True
1741805603354,82611.71,0.00013,True
1741805603354,82610.75,7e-05,True
1741805603666,82610.74,0.00013,True
1741805603666,82610.74,3e-05,True
1741805603668,82610.74,0.00016,True
1741805603879,82610.74,0.00223,True
1741805603879,82610.74,0.0001,True
1741805603879,82610.74,0.00013,True
1741805603879,82610.74,0.0001,True
1741805603879,82610.74,0.00056,True
1741805603879,82610.73,0.00013,True
1741805603879,82610.73,0.00014,True
1741805603879,82610.73,0.00013,True
1741805603879,82610.73,0.00014,True
1741805603879,82610.72,0.00051,True
1741805603879,82610.71,0.00024,True
1741805603879,82610.42,0.00017,True
1741805603879,82610.42,0.00017,True
1741805603879,82610.41,0.00125,True
1741805603879,82610.15,8e-05,True
1741805603879,82609.95,8e-05,True
1741805603879,82609.75,7e-05,True
1741805603879,82608.75,0.00015,True
1741805603879,82608.0,0.0001,True
1741805603879,82608.0,0.002,True
1741805603879,82608.0,0.0001,True
1741805603879,82608.0,0.00015,True
1741805603879,82608.0,0.003,True
1741805603879,82607.89,0.003,True
1741805603879,82607.76,0.00013,True
1741805603879,82607.4,7e-05,True
1741805603879,82607.4,8e-05,True
1741805603879,82607.4,7e-05,True
1741805603879,82607.4,7e-05,True
1741805604171,82607.4,0.0007,False
1741805604270,82607.39,0.00027,True
1741805604688,82607.4,0.00024,False
1741805604690,82607.39,0.00071,True
1741805604738,82607.4,0.0002,False
1741805604762,82607.4,7e-05,False
1741805604762,82607.4,7e-05,False
1741805604762,82607.4,7e-05,False
1741805604762,82607.4,0.00303,False
1741805604762,82607.4,0.00101,False
1741805604762,82607.4,7e-05,False
1741805604762,82607.4,7e-05,False
1741805604762,82607.4,0.00014,False
1741805604762,82607.4,0.00438,False
1741805604762,82607.4,7e-05,False
1741805604762,82607.4,0.00073,False
1741805604762,82607.4,9e-05,False
1741805604762,82607.41,0.00014,False
1741805604762,82607.41,0.00014,False
1741805604762,82607.41,0.00014,False
1741805604762,82607.41,7e-05,False
1741805604762,82607.41,7e-05,False
1741805604762,82607.95,7e-05,False
1741805604762,82607.95,7e-05,False
1741805604762,82607.95,7e-05,False
1741805604762,82607.99,7e-05,False
1741805604762,82607.99,7e-05,False
1741805604762,82608.0,7e-05,False
1741805604762,82608.0,7e-05,False
1741805604762,82608.04,7e-05,False
1741805604762,82608.05,7e-05,False
1741805604762,82608.06,7e-05,False
1741805604762,82608.1,0.003,False
1741805604762,82608.26,0.00019,False
1741805604762,82608.78,7e-05,False
1741805604762,82610.39,7e-05,False
1741805604762,82612.66,0.00011,False
1741805604762,82612.66,0.00011,False
1741805604762,82613.42,7e-05,False
1741805605579,82613.43,0.00362,False
1741805606015,82613.42,0.00014,True
1741805606015,82613.42,8e-05,True
1741805606015,82613.42,0.0001,True
1741805606015,82613.42,0.00056,True
1741805606015,82613.41,0.00013,True
1741805606015,82613.41,0.00013,True
1741805606015,82613.41,0.00014,True
1741805606015,82613.39,0.00056,True
1741805606015,82612.9,7e-05,True
1741805606015,82610.43,0.00011,True
1741805606015,82610.43,0.00011,True
1741805606015,82609.53,7e-05,True
1741805606015,82609.52,0.05195,True
1741805606117,82608.02,0.00012,False
1741805606138,82608.02,0.0004,False
1741805606941,82608.01,7e-05,True
1741805606941,82608.01,0.00013,True
1741805606941,82608.01,0.00064,True
1741805606941,82608.01,0.0001,True
1741805606941,82608.01,0.00012,True
1741805606941,82608.01,0.00064,True
1741805606941,82608.01,0.00011,True
1741805606941,82608.0,0.00014,True
1741805606941,82608.0,0.00013,True
1741805606941,82608.0,0.00013,True
1741805606941,82608.0,0.00014,True
1741805606941,82608.0,0.003,True
1741805606941,82607.99,0.00055,True
1741805606941,82607.96,0.00052,True
1741805606941,82607.75,0.00013,True
1741805606941,82607.75,0.00013,True
1741805606943,82607.39,0.00254,True
1741805606943,82607.39,0.00041,True
1741805606979,82605.88,7e-05,True
1741805606979,82605.88,5e-05,True
1741805606987,82605.88,0.0001,True
1741805606987,82605.88,0.0001,True
1741805606987,82605.88,0.00058,True
1741805606987,82605.88,9e-05,True
1741805606987,82605.88,9e-05,True
1741805606987,82605.88,0.00013,True
1741805606987,82605.88,7e-05,True
1741805606987,82605.87,0.01552,True
1741805606987,82605.86,0.00056,True
1741805606987,82605.13,0.00125,True
1741805606988,82604.16,0.00014,True
1741805606988,82604.16,0.00019,True
1741805606988,82604.16,0.00036,True
1741805606988,82604.01,0.00015,True
1741805606988,82604.0,0.0001,True
1741805606988,82604.0,0.002,True
1741805606988,82604.0,0.0001,True
1741805606988,82604.0,0.00015,True
1741805606988,82603.1,0.00013,True
1741805606988,82603.03,0.00044,True
1741805606988,82602.65,0.00015,True
1741805606988,82602.64,7e-05,True
1741805606988,82602.63,0.0072,True
1741805606990,82602.39,0.00013,True
1741805607085,82602.4,0.00014,False
1741805607104,82602.39,0.0001,True
1741805607104,82602.39,0.00055,True
1741805607104,82602.39,0.00101,True
1741805607104,82602.39,0.00303,True
1741805607104,82602.38,0.00013,True
1741805607104,82602.38,0.00013,True
1741805607104,82602.37,0.00056,True
1741805607104,82602.02,0.0002,True
1741805607104,82602.02,0.0002,True
1741805607104,82602.02,0.0002,True
1741805607104,82602.01,7e-05,True
1741805607104,82602.01,0.0001,True
1741805607104,82602.01,8e-05,True
1741805607104,82602.01,0.0001,True
1741805607104,82602.01,0.0001,True
1741805607104,82602.0,0.00854,True
1741805607104,82602.0,0.01567,True
1741805607104,82601.98,0.00162,True
1741805607105,82601.98,0.00038,True
1741805607105,82601.38,8e-05,True
1741805607105,82600.02,0.00023,True
1741805607105,82600.01,9e-05,True
1741805607105,82600.01,7e-05,True
1741805607105,82600.01,0.00013,True
1741805607105,82600.01,0.00013,True
1741805607105,82600.0,0.0001,True
1741805607105,82600.0,0.002,True
1741805607105,82600.0,0.0001,True
1741805607105,82600.0,0.00015,True
1741805607105,82600.0,0.00096,True
1741805607105,82600.0,8e-05,True
1741805607105,82600.0,8e-05,True
1741805607105,82600.0,0.00142,True
1741805607105,82600.0,0.00012,True
1741805607105,82600.0,0.00014,True
1741805607105,82600.0,0.00013,True
1741805607105,82600.0,0.00016,True
1741805607105,82600.0,0.00107,True
1741805607105,82600.0,0.00016,True
1741805607105,82600.0,0.00031,True
1741805607105,82600.0,7e-05,True
1741805607105,82600.0,7e-05,True
1741805607105,82600.0,0.00147,True
1741805607105,82600.0,0.00882,True
1741805607105,82600.0,0.00011,True
1741805607105,82600.0,0.00121,True
1741805607105,82600.0,0.00017,True
1741805607105,82600.0,0.00032,True
1741805607105,82600.0,0.0001,True
1741805607105,82600.0,0.01211,True
1741805607105,82600.0,0.00492,True
1741805607105,82599.85,0.00125,True
1741805607105,82599.63,0.003,True
1741805607105,82599.47,0.00013,True
1741805607105,82598.52,0.00015,True
1741805607105,82598.43,0.00016,True
1741805607105,82597.79,0.00021,True
1741805607105,82597.78,7e-05,True
1741805607105,82596.85,9e-05,True
1741805607105,82596.85,7e-05,True
1741805607105,82596.84,7e-05,True
1741805607105,82596.57,7e-05,True
1741805607105,82596.56,0.00013,True
1741805607105,82596.56,0.01929,True
1741805607105,82596.56,0.0031,True
1741805607105,82596.48,0.0003,True
1741805607105,82596.0,0.0001,True
1741805607105,82596.0,0.002,True
1741805607105,82596.0,0.0001,True
1741805607105,82596.0,0.00015,True
1741805607105,82595.32,0.00121,True
1741805607105,82595.0,0.00017,True
1741805607297,82594.66,0.0001,True
1741805607297,82594.66,0.00013,True
1741805607297,82594.66,0.00057,True
1741805607297,82594.65,0.00036,True
1741805607297,82594.65,0.00013,True
1741805607297,82594.65,0.00014,True
1741805607297,82594.65,0.00013,True
1741805607297,82594.64,0.00051,True
1741805607297,82594.61,0.00037,True
1741805607297,82594.61,0.00037,True
1741805607297,82594.61,0.00066,True
1741805607297,82594.61,0.00037,True
1741805607297,82594.61,0.00031,True
1741805607297,82594.61,0.00016,True
1741805607297,82594.58,0.00125,True
1741805607297,82594.34,7e-05,True
1741805607297,82594.34,0.0001,True
1741805607727,82594.34,7e-05,False
1741805607727,82594.34,7e-05,False
1741805607727,82594.34,6e-05,False
1741805607735,82594.34,1e-05,False
1741805607735,82594.34,7e-05,False
1741805607735,82594.34,7e-05,False
1741805607735,82594.34,7e-05,False
1741805607735,82594.34,7e-05,False
1741805607735,82594.34,7e-05,False
1741805607735,82594.34,7e-05,False
1741805607735,82594.34,7e-05,False
1741805607735,82594.34,7e-05,False
1741805607735,82594.34,7e-05,False
1741805607735,82594.34,7e-05,False
1741805607735,82594.34,7e-05,False
1741805607735,82594.34,0.00014,False
1741805607735,82594.34,7e-05,False
1741805607735,82594.34,7e-05,False
1741805607735,82594.35,0.00014,False
1741805607735,82594.35,0.00013,False
1741805607735,82594.35,0.00014,False
1741805607735,82594.35,7e-05,False
1741805607735,82594.35,7e-05,False
1741805607735,82594.63,7e-05,False
1741805607735,82594.63,7e-05,False
1741805607735,82594.64,7e-05,False
1741805607735,82594.64,7e-05,False
1741805607735,82594.65,7e-05,False
1741805607735,82594.65,7e-05,False
1741805607735,82594.66,7e-05,False
1741805607735,82594.67,7e-05,False
1741805607735,82594.67,0.00235,False
1741805607735,82594.68,7e-05,False
1741805607735,82594.97,7e-05,False
1741805607735,82594.98,0.01454,False
1741805607735,82595.61,7e-05,False
1741805608173,82600.35,0.00061,True
1741805608470,82600.35,8e-05,True
1741805608701,82600.36,7e-05,False
1741805608701,82600.36,7e-05,False
1741805608701,82600.36,7e-05,False
1741805608701,82600.36,0.00563,False
1741805609305,82600.35,0.00044,True
1741805609732,82600.36,0.0002,False
1741805609783,82600.35,0.00026,True
1741805609798,82600.36,7e-05,False
1741805609798,82600.36,0.00014,False
1741805609798,82600.36,0.00074,False
1741805609905,82600.36,0.11832,False
1741805609905,82600.36,7e-05,False
1741805609905,82600.36,7e-05,False
1741805609905,82600.36,0.0015,False
1741805609905,82600.36,7e-05,False
1741805609905,82600.36,7e-05,False
1741805609905,82600.36,7e-05,False
1741805609905,82600.36,7e-05,False
1741805609905,82600.36,0.00013,False
1741805609905,82600.37,0.00014,False
1741805609905,82600.37,0.00013,False
1741805609905,82600.37,0.00014,False
1741805609905,82600.37,7e-05,False
1741805609905,82600.37,7e-05,False
1741805609905,82600.53,7e-05,False
1741805609905,82600.53,7e-05,False
1741805609905,82600.54,7e-05,False
1741805609905,82600.54,7e-05,False
1741805609905,82600.54,7e-05,False
1741805609905,82600.83,7e-05,False
1741805609905,82600.83,7e-05,False
1741805609908,82601.04,7e-05,False
1741805609908,82601.04,0.00032,False
1741805609908,82601.04,0.00032,False
1741805609908,82601.05,7e-05,False
1741805609908,82601.06,0.00032,False
1741805609908,82601.06,7e-05,False
1741805609917,82601.37,7e-05,False
1741805609917,82601.37,7e-05,False
1741805609917,82601.37,7e-05,False
1741805609917,82601.37,7e-05,False
1741805609917,82601.37,7e-05,False
1741805609917,82601.37,7e-05,False
1741805609917,82602.92,7e-05,False
1741805609917,82602.92,9e-05,False
1741805609917,82602.92,9e-05,False
1741805609917,82602.92,9e-05,False
1741805609917,82602.92,7e-05,False
1741805609917,82602.92,7e-05,False
1741805609917,82602.93,0.003,False
1741805609917,82602.93,7e-05,False
1741805609917,82602.93,7e-05,False
1741805609917,82603.01,7e-05,False
1741805609917,82603.01,7e-05,False
1741805609917,82603.01,7e-05,False
1741805609917,82605.1,7e-05,False
1741805609917,82605.1,7e-05,False
1741805609917,82605.24,0.00013,False
1741805609917,82605.24,7e-05,False
1741805609917,82605.61,7e-05,False
1741805609917,82605.61,7e-05,False
1741805609952,82605.62,0.00481,False
1741805610217,82605.62,7e-05,False
1741805610217,82605.62,7e-05,False
1741805610217,82605.62,7e-05,False
1741805610217,82605.62,7e-05,False
1741805610217,82605.62,0.00101,False
1741805610217,82605.62,7e-05,False
1741805610217,82605.62,7e-05,False
1741805610217,82605.62,0.00303,False
1741805610217,82605.62,0.00014,False
1741805610217,82605.62,7e-05,False
1741805610217,82605.62,7e-05,False
1741805610217,82605.62,0.00013,False
1741805610217,82605.62,0.00013,False
1741805610217,82605.63,0.00026,False
1741805610217,82605.63,7e-05,False
1741805610217,82605.63,7e-05,False
1741805610217,82605.63,0.00013,False
1741805610217,82605.63,0.00013,False
1741805610217,82605.63,0.00014,False
1741805610217,82605.66,0.00125,False
1741805610217,82605.66,7e-05,False
1741805610217,82605.66,7e-05,False
1741805610217,82606.31,7e-05,False
1741805610217,82606.31,7e-05,False
1741805610217,82606.31,7e-05,False
1741805610217,82606.78,7e-05,False
1741805610217,82606.78,7e-05,False
1741805610217,82606.79,0.00019,False
1741805610217,82606.79,7e-05,False
1741805610217,82606.82,7e-05,False
1741805610217,82606.83,7e-05,False
1741805610217,82607.13,7e-05,False
1741805610217,82607.75,0.00013,False
1741805610217,82608.1,0.003,False
1741805610217,82609.6,7e-05,False
1741805610217,82609.6,7e-05,False
1741805610232,82609.61,0.00019,False
1741805610341,82609.61,7e-05,False
1741805610341,82609.61,7e-05,False
1741805610341,82609.61,7e-05,False
1741805610341,82609.61,7e-05,False
1741805610341,82609.61,7e-05,False
1741805610341,82609.61,7e-05,False
1741805610341,82609.62,0.0002,False
1741805610341,82609.62,7e-05,False
1741805610341,82609.62,7e-05,False
1741805610341,82609.62,0.00014,False
1741805610341,82609.62,0.00014,False
1741805610341,82609.9,7e-05,False
1741805610341,82609.9,7e-05,False
1741805610344,82610.42,7e-05,False
1741805610344,82610.42,7e-05,False
1741805610352,82610.52,7e-05,False
1741805610352,82610.52,7e-05,False
1741805610352,82610.52,7e-05,False
1741805610352,82610.52,7e-05,False
1741805610352,82610.52,7e-05,False
1741805610352,82610.52,7e-05,False
1741805610352,82610.58,7e-05,False
1741805610352,82610.58,7e-05,False
1741805610352,82610.75,0.00026,False
1741805610352,82610.75,0.0002,False
1741805610352,82610.75,0.00026,False
1741805610352,82610.76,7e-05,False
1741805610352,82610.76,7e-05,False
1741805610352,82610.77,7e-05,False
1741805610352,82610.77,7e-05,False
1741805610352,82610.94,0.00125,False
1741805610352,82610.94,7e-05,False
1741805610352,82610.94,7e-05,False
1741805610352,82611.87,7e-05,False
1741805610352,82612.07,7e-05,False
1741805610352,82612.07,7e-05,False
1741805610352,82612.45,7e-05,False
1741805610352,82612.53,7e-05,False
1741805610352,82612.54,0.02213,False
1741805610352,82613.12,0.00013,False
1741805610352,82614.27,0.00503,False
1741805610352,82614.38,7e-05,False
1741805610352,82614.39,0.08208,False
1741805610352,82614.54,7e-05,False
1741805610352,82614.6,0.00507,False
1741805610352,82615.0,0.00507,False
1741805610352,82615.44,0.03131,False
1741805610547,82616.27,0.00411,True
1741805610564,82616.28,0.00018,False
1741805610564,82616.28,7e-05,False
1741805610564,82616.28,7e-05,False
1741805610564,82616.28,7e-05,False
1741805610564,82616.28,7e-05,False
1741805610564,82616.28,0.00034,False
1741805610564,82616.28,7e-05,False
1741805610564,82616.28,0.00013,False
1741805610564,82616.28,7e-05,False
1741805610564,82616.28,8e-05,False
1741805610564,82616.28,7e-05,False
1741805610564,82616.29,0.003,False
1741805610564,82616.29,7e-05,False
1741805610564,82616.29,7e-05,False
1741805610564,82616.29,0.00014,False
1741805610564,82616.29,0.00014,False
1741805610564,82616.29,0.00013,False
1741805610564,82616.6,0.00029,False
1741805610564,82616.6,0.00029,False
1741805610564,82616.6,0.00029,False
1741805610564,82616.6,7e-05,False
1741805610564,82616.6,7e-05,False
1741805610564,82616.61,7e-05,False
1741805610564,82616.61,7e-05,False
1741805610564,82616.94,7e-05,False
1741805610564,82616.94,7e-05,False
1741805610564,82616.94,7e-05,False
1741805610638,82616.95,7e-05,False
1741805610638,82616.95,7e-05,False
1741805610638,82616.95,7e-05,False
1741805610638,82616.95,7e-05,False
1741805610638,82616.95,0.00013,False
1741805610638,82616.95,7e-05,False
1741805610638,82616.95,7e-05,False
1741805610638,82616.96,7e-05,False
1741805610638,82616.96,7e-05,False
1741805610638,82616.97,7e-05,False
1741805610638,82616.97,7e-05,False
1741805610638,82618.47,7e-05,False
1741805610638,82618.47,7e-05,False
1741805610638,82618.47,7e-05,False
1741805610638,82618.48,7e-05,False
1741805610638,82618.48,7e-05,False
1741805610638,82618.48,7e-05,False
1741805610682,82618.49,7e-05,False
1741805610682,82618.49,7e-05,False
1741805610682,82618.49,7e-05,False
1741805610682,82618.49,7e-05,False
1741805610682,82618.49,7e-05,False
1741805610682,82618.49,7e-05,False
1741805610731,82618.5,0.00011,False
1741805610731,82618.5,7e-05,False
1741805610779,82618.49,0.001,True
1741805611010,82618.49,7e-05,True
1741805611195,82618.49,0.0001,True
1741805611195,82618.49,0.00012,True
1741805611515,82618.49,0.00013,True
1741805611515,82618.49,0.00605,True
1741805611515,82618.49,0.00012,True
1741805611515,82618.49,0.00012,True
1741805611515,82618.49,0.0001,True
1741805611515,82618.49,0.0001,True
1741805611515,82618.49,0.00484,True
1741805611515,82618.49,0.0001,True
1741805611515,82618.49,0.0001,True
1741805611515,82618.49,0.00117,True
1741805611515,82618.48,0.00201,True
1741805611515,82618.48,0.00013,True
1741805611515,82618.48,0.00014,True
1741805611515,82618.48,0.00014,True
1741805611515,82618.44,0.00054,True
1741805611515,82617.84,7e-05,True
1741805611515,82617.79,7e-05,True
1741805611515,82617.78,0.00911,True
1741805611515,82617.02,7e-05,True
1741805611515,82616.19,7e-05,True
1741805611515,82615.83,7e-05,True
1741805611732,82615.82,0.01531,True
1741805611736,82615.83,0.0002,False
1741805612746,82615.83,0.00057,False
1741805612865,82615.83,6e-05,False
1741805613402,82615.82,0.00354,True
1741805613479,82615.82,0.00012,True
1741805614144,82615.82,0.00061,True
1741805614144,82615.82,0.00121,True
1741805614145,82615.82,0.00086,True
1741805614147,82615.82,0.00025,True
1741805614147,82615.82,0.00073,True
1741805614164,82615.82,0.00025,True
1741805614176,82615.82,0.00073,True
1741805614178,82615.82,0.00025,True
1741805614183,82615.83,7e-05,False
1741805614190,82615.82,0.00073,True
1741805614193,82615.82,0.00025,True
1741805614664,82615.82,0.00014,True
1741805614664,82615.82,0.0001,True
1741805614664,82615.82,0.0001,True
1741805614664,82615.82,0.00605,True
1741805614664,82615.82,0.00032,True
1741805614664,82615.82,0.00605,True
1741805614664,82615.82,0.0001,True
1741805614664,82615.82,0.0001,True
1741805614664,82615.82,0.00472,True
1741805614664,82615.82,0.0001,True
1741805614664,82615.82,0.0001,True
1741805614664,82615.82,0.00242,True
1741805614664,82615.82,9e-05,True
1741805614664,82615.82,0.0605,True
1741805614664,82615.82,0.00012,True
1741805614664,82615.82,0.00012,True
1741805614664,82615.82,0.00368,True
1741805614664,82615.82,0.0001,True
1741805614664,82615.82,0.0001,True
1741805614664,82615.81,0.00013,True
1741805614664,82615.81,0.00013,True
1741805614664,82615.81,0.00013,True
1741805614664,82615.81,0.00014,True
1741805614664,82615.81,0.00057,True
1741805614664,82615.8,0.003,True
1741805614664,82614.31,8e-05,True
1741805614664,82614.31,8e-05,True
1741805614664,82614.31,8e-05,True
1741805614664,82613.83,0.01822,True
1741805614664,82613.83,0.00911,True
1741805614664,82612.95,0.00017,True
1741805614664,82612.95,0.00017,True
1741805614664,82612.95,0.00017,True
1741805614664,82612.79,7e-05,True
1741805614671,82611.99,0.00057,True
1741805614671,82611.99,0.10019,True
1741805614676,82611.99,0.10126,True
1741805614701,82611.99,0.0001,True
1741805614701,82611.99,0.0001,True
1741805614701,82611.99,0.00303,True
1741805614701,82611.99,0.0001,True
1741805614701,82611.99,0.00055,True
1741805614701,82611.99,0.0001,True
1741805614701,82611.98,0.00052,True
1741805614701,82611.64,0.00021,True
1741805614701,82610.82,0.00011,True
1741805614701,82610.82,0.00011,True
1741805614701,82610.82,0.00011,True
1741805614701,82610.52,7e-05,True
1741805614701,82610.51,0.0084,True
1741805614701,82610.43,7e-05,True
1741805614701,82610.42,7e-05,True
1741805614701,82610.41,0.0084,True
1741805614701,82610.22,0.003,True
1741805614726,82609.62,7e-05,True
1741805614726,82609.62,0.00054,True
1741805614726,82609.62,0.0001,True
1741805614726,82609.62,0.0001,True
1741805614727,82609.61,0.00012,True
1741805614754,82609.61,0.00788,True
1741805614754,82609.61,0.00051,True
1741805614754,82609.61,0.00014,True
1741805614754,82609.61,0.00014,True
1741805614754,82609.61,0.0001,True
1741805614754,82609.61,0.00101,True
1741805614754,82609.6,0.00087,True
1741805614754,82609.53,8e-05,True
1741805614754,82608.22,7e-05,True
