timestamp,price,volume,is_ask
1741805782606,82518.92,0.05967,False
1741805782606,82518.92,0.00487,False
1741805782629,82518.92,0.00383,False
1741805782629,82518.92,0.00923,False
1741805782634,82518.92,0.00575,False
1741805782635,82518.92,0.00291,False
1741805782636,82518.92,0.00291,False
1741805782637,82518.92,0.00291,False
1741805782637,82518.92,0.00582,False
1741805782640,82518.91,7e-05,True
1741805782640,82518.91,7e-05,True
1741805782640,82518.91,7e-05,True
1741805782640,82518.91,7e-05,True
1741805782640,82518.91,7e-05,True
1741805782640,82518.91,7e-05,True
1741805782640,82518.91,0.00014,True
1741805782640,82518.91,0.00512,True
1741805782640,82518.91,0.11383,True
1741805782640,82518.91,0.33617,True
1741805782640,82518.91,0.0001,True
1741805782640,82518.91,7e-05,True
1741805782640,82518.91,0.2558,True
1741805782640,82518.91,0.06311,True
1741805782640,82518.91,0.20973,True
1741805782641,82518.91,0.09402,True
1741805782642,82518.91,0.08314,True
1741805782642,82518.9,0.00506,True
1741805782642,82518.9,7e-05,True
1741805782642,82518.9,7e-05,True
1741805782642,82518.9,0.00014,True
1741805782642,82518.9,0.00013,True
1741805782642,82518.9,0.00013,True
1741805782642,82518.24,7e-05,True
1741805782642,82518.24,7e-05,True
1741805782642,82518.21,7e-05,True
1741805782642,82518.21,7e-05,True
1741805782642,82518.2,0.0003,True
1741805782642,82518.2,7e-05,True
1741805782642,82518.2,7e-05,True
1741805782642,82518.01,7e-05,True
1741805782642,82518.01,7e-05,True
1741805782642,82518.0,7e-05,True
1741805782642,82517.82,7e-05,True
1741805782642,82517.32,9e-05,True
1741805782642,82516.97,0.00015,True
1741805782642,82516.97,0.00015,True
1741805782642,82516.97,0.00015,True
1741805782642,82516.96,0.00238,True
1741805782642,82516.04,0.00022,True
1741805782645,82516.01,7e-05,True
1741805782645,82516.01,9e-05,True
1741805782645,82516.01,9e-05,True
1741805782645,82516.01,0.0001,True
1741805782645,82515.99,0.01414,True
1741805782645,82515.2,7e-05,True
1741805782645,82515.19,0.79999,True
1741805782645,82514.81,0.01142,True
1741805782645,82514.69,0.02203,True
1741805782645,82514.62,0.00274,True
1741805782645,82514.62,0.01386,True
1741805782645,82514.62,0.0093,True
1741805782651,82514.62,0.00682,True
1741805782651,82514.56,0.06061,True
1741805782651,82514.45,7e-05,True
1741805782651,82513.93,0.00012,True
1741805782651,82513.91,0.00013,True
1741805782651,82513.9,0.01277,True
1741805782651,82513.65,0.00636,True
1741805782651,82513.52,0.01381,True
1741805782651,82513.19,0.00029,True
1741805782651,82513.18,0.11632,True
1741805782651,82513.13,0.0003,True
1741805782651,82513.07,0.003,True
1741805782651,82512.9,8e-05,True
1741805782651,82512.7,0.00013,True
1741805782651,82512.63,0.02326,True
1741805782651,82512.39,0.001,True
1741805782651,82512.24,0.02426,True
1741805782651,82511.8,7e-05,True
1741805782968,82511.02,0.0001,True
1741805782968,82511.02,6e-05,True
1741805783128,82511.02,1e-05,True
1741805783128,82511.02,7e-05,True
1741805783128,82511.02,7e-05,True
1741805783128,82511.02,7e-05,True
1741805783128,82511.02,7e-05,True
1741805783128,82511.02,7e-05,True
1741805783128,82511.02,0.00014,True
1741805783128,82511.02,0.0001,True
1741805783128,82511.02,0.00043,True
1741805783128,82511.02,0.00076,True
1741805783335,82511.02,0.00025,True
1741805783335,82511.02,0.00025,True
1741805783336,82511.02,0.00025,True
1741805783336,82511.02,0.00025,True
1741805783336,82511.02,0.00025,True
1741805783336,82511.02,0.01212,True
1741805783342,82511.02,0.00025,True
1741805783369,82511.02,0.00016,True
1741805783369,82511.02,0.00016,True
1741805783379,82511.02,0.00016,True
1741805783402,82511.02,0.00016,True
1741805783407,82511.02,0.00016,True
1741805783408,82511.02,0.00016,True
1741805783412,82511.03,0.00015,False
1741805783447,82511.02,0.00025,True
1741805783448,82511.02,0.00037,True
1741805783448,82511.02,0.00025,True
1741805783448,82511.02,0.00069,True
1741805783448,82511.02,0.01143,True
1741805783449,82511.02,0.00025,True
1741805783449,82511.02,0.00025,True
1741805783453,82511.02,0.00152,True
1741805783454,82511.02,0.00091,True
1741805783455,82511.02,0.00091,True
1741805783488,82511.03,7e-05,False
1741805783515,82511.02,0.0001,True
1741805783515,82511.02,7e-05,True
1741805783515,82511.02,7e-05,True
1741805783515,82511.02,7e-05,True
1741805783515,82511.02,7e-05,True
1741805783515,82511.02,7e-05,True
1741805783515,82511.02,7e-05,True
1741805783515,82511.02,0.00014,True
1741805783515,82511.02,0.0138,True
1741805783515,82511.01,0.00014,True
1741805783515,82511.01,0.00045,True
1741805783515,82511.01,7e-05,True
1741805783515,82511.01,7e-05,True
1741805783515,82511.01,0.00014,True
1741805783515,82511.01,0.00014,True
1741805783515,82510.98,7e-05,True
1741805783515,82510.98,0.0003,True
1741805783515,82510.98,0.0003,True
1741805783515,82510.98,0.0003,True
1741805783515,82510.98,7e-05,True
1741805783515,82510.98,7e-05,True
1741805783515,82510.98,0.0001,True
1741805783515,82510.98,7e-05,True
1741805783515,82510.98,7e-05,True
1741805783542,82510.97,0.00016,True
1741805783543,82510.97,0.00016,True
1741805783562,82510.97,0.00016,True
1741805783599,82510.97,0.00016,True
1741805783601,82510.97,0.00016,True
1741805783604,82510.98,0.00011,False
1741805783810,82510.97,0.00016,True
1741805783887,82510.97,0.0061,True
1741805784033,82510.97,0.00016,True
1741805784234,82510.98,0.00016,False
1741805784401,82510.97,0.00036,True
1741805784786,82510.98,7e-05,False
1741805784786,82510.98,7e-05,False
1741805784786,82510.98,0.04352,False
1741805784817,82510.98,0.01068,False
1741805784817,82510.98,0.00388,False
1741805784890,82510.98,7e-05,False
1741805784890,82510.98,7e-05,False
1741805784890,82510.98,7e-05,False
1741805784890,82510.98,7e-05,False
1741805784890,82510.98,0.00014,False
1741805784890,82510.98,0.00606,False
1741805784890,82510.98,0.001,False
1741805784890,82510.98,0.00564,False
1741805784890,82510.98,0.0001,False
1741805784890,82510.98,7e-05,False
1741805784890,82510.98,7e-05,False
1741805784890,82510.98,0.0001,False
1741805784890,82510.98,0.00135,False
1741805784890,82510.99,0.00013,False
1741805784890,82510.99,7e-05,False
1741805784890,82510.99,7e-05,False
1741805784890,82510.99,0.00013,False
1741805784890,82510.99,0.00013,False
1741805784890,82510.99,0.00054,False
1741805784890,82511.01,7e-05,False
1741805784890,82511.01,7e-05,False
1741805784890,82511.02,7e-05,False
1741805784890,82511.02,7e-05,False
1741805784890,82511.03,7e-05,False
1741805784890,82511.03,7e-05,False
1741805784890,82511.04,7e-05,False
1741805784890,82511.05,7e-05,False
1741805784890,82511.08,7e-05,False
1741805784890,82511.65,7e-05,False
1741805784890,82514.86,0.00019,False
1741805784890,82514.86,0.00019,False
1741805784890,82514.86,0.00019,False
1741805784890,82517.8,7e-05,False
1741805784890,82517.81,0.00505,False
1741805784890,82517.82,7e-05,False
1741805784890,82518.29,7e-05,False
1741805784890,82518.3,7e-05,False
1741805785240,82518.31,7e-05,False
1741805785240,82518.31,7e-05,False
1741805785240,82518.31,7e-05,False
1741805785240,82518.31,7e-05,False
1741805785240,82518.31,7e-05,False
1741805785240,82518.31,0.00303,False
1741805785240,82518.31,0.00013,False
1741805785240,82518.31,0.00101,False
1741805785240,82518.31,7e-05,False
1741805785240,82518.31,0.00056,False
1741805785240,82518.31,0.0001,False
1741805785240,82518.32,0.00036,False
1741805785240,82518.32,0.00054,False
1741805785240,82518.32,7e-05,False
1741805785240,82518.32,7e-05,False
1741805785240,82518.32,0.00013,False
1741805785240,82518.32,0.00013,False
1741805785240,82518.32,0.00013,False
1741805785240,82518.6,7e-05,False
1741805785240,82518.6,7e-05,False
1741805785240,82518.91,0.0002,False
1741805785240,82518.91,0.0002,False
1741805785240,82518.91,0.0002,False
1741805785240,82518.91,7e-05,False
1741805785240,82518.91,7e-05,False
1741805785240,82518.92,7e-05,False
1741805785240,82518.92,7e-05,False
1741805785240,82518.92,7e-05,False
1741805785240,82519.06,7e-05,False
1741805785240,82519.21,7e-05,False
1741805785240,82519.22,7e-05,False
1741805785240,82519.24,0.003,False
1741805785240,82519.73,7e-05,False
1741805785240,82519.74,0.00096,False
1741805785240,82519.74,7e-05,False
1741805785243,82519.74,0.0001,False
1741805785243,82519.74,0.0035,False
1741805785243,82519.74,0.0034,False
1741805785244,82519.74,0.0001,False
1741805785246,82519.74,0.0001,False
1741805785246,82519.74,7e-05,False
1741805785246,82519.74,7e-05,False
1741805785246,82519.74,7e-05,False
1741805785246,82519.74,7e-05,False
1741805785246,82519.74,7e-05,False
1741805785246,82519.74,7e-05,False
1741805785246,82519.74,0.00323,False
1741805785246,82519.75,0.00053,False
1741805785246,82519.88,7e-05,False
1741805785246,82519.88,7e-05,False
1741805785256,82521.73,0.00014,False
1741805785256,82521.73,0.00014,False
1741805785256,82521.73,0.00014,False
1741805785256,82521.73,0.00051,False
1741805785260,82521.88,7e-05,False
1741805785260,82521.88,7e-05,False
1741805785260,82521.88,0.0001,False
1741805785260,82521.88,7e-05,False
1741805785260,82522.35,7e-05,False
1741805785294,82524.24,7e-05,False
1741805785294,82524.24,7e-05,False
1741805785294,82524.24,0.0001,False
1741805785294,82524.24,7e-05,False
1741805785294,82524.24,7e-05,False
1741805785294,82524.24,7e-05,False
1741805785294,82524.24,7e-05,False
1741805785294,82524.24,0.0003,False
1741805785294,82524.24,0.00051,False
1741805785294,82524.25,7e-05,False
1741805785294,82524.25,7e-05,False
1741805785294,82524.25,0.00053,False
1741805785294,82524.69,7e-05,False
1741805785294,82524.69,7e-05,False
1741805785294,82524.7,7e-05,False
1741805785294,82524.7,7e-05,False
1741805785294,82524.7,0.00015,False
1741805785294,82524.7,0.00015,False
1741805785294,82524.7,0.00015,False
1741805785316,82525.08,7e-05,False
1741805785316,82525.08,0.00053,False
1741805785316,82525.08,7e-05,False
1741805785316,82525.08,7e-05,False
1741805785316,82525.08,7e-05,False
1741805785316,82525.08,0.0001,False
1741805785316,82525.08,7e-05,False
1741805785316,82525.08,7e-05,False
1741805785316,82525.09,0.00055,False
1741805785316,82525.09,7e-05,False
1741805785316,82525.09,7e-05,False
1741805785316,82525.46,0.00013,False
1741805785316,82525.46,7e-05,False
1741805785316,82525.46,7e-05,False
1741805785316,82525.66,7e-05,False
1741805785316,82525.66,7e-05,False
1741805785316,82526.74,0.00244,False
1741805785316,82526.74,7e-05,False
1741805785316,82526.74,7e-05,False
1741805785316,82526.95,7e-05,False
1741805785316,82526.96,7e-05,False
1741805785316,82527.18,0.003,False
1741805785316,82527.18,7e-05,False
1741805785316,82528.08,0.00013,False
1741805785316,82529.95,7e-05,False
1741805785870,82529.96,7e-05,False
1741805785870,82529.96,7e-05,False
1741805785870,82529.96,7e-05,False
1741805785870,82529.96,0.00014,False
1741805785870,82529.96,7e-05,False
1741805785870,82529.96,7e-05,False
1741805785870,82529.96,0.0001,False
1741805785870,82529.96,0.00026,False
1741805785870,82529.96,0.00026,False
1741805785870,82529.96,0.00056,False
1741805785870,82529.96,0.00011,False
1741805785870,82529.96,7e-05,False
1741805785870,82529.97,0.00055,False
1741805785870,82529.97,7e-05,False
1741805785870,82529.97,0.00013,False
1741805785870,82529.97,0.00013,False
1741805785870,82529.97,0.00014,False
1741805785870,82529.97,7e-05,False
1741805785870,82530.16,0.00029,False
1741805785870,82530.16,7e-05,False
1741805785870,82530.17,7e-05,False
1741805785870,82530.17,7e-05,False
1741805785870,82530.21,7e-05,False
1741805785870,82530.21,7e-05,False
1741805785870,82530.33,7e-05,False
1741805785870,82530.33,0.00028,False
1741805785870,82530.34,7e-05,False
1741805785870,82530.4,7e-05,False
1741805785870,82530.58,7e-05,False
1741805785870,82532.61,0.00013,False
1741805785885,82535.36,0.0002,True
1741805786705,82535.37,0.0006,False
1741805786705,82535.37,0.0169,False
1741805786705,82535.37,0.00055,False
1741805786705,82535.37,0.1238,False
1741805786705,82535.37,0.00234,False
1741805786705,82535.37,0.0145,False
1741805786705,82535.37,7e-05,False
1741805786705,82535.37,0.00439,False
1741805786759,82535.37,0.00673,False
1741805786759,82535.37,7e-05,False
1741805786759,82535.37,7e-05,False
1741805786759,82535.37,7e-05,False
1741805786759,82535.37,7e-05,False
1741805786759,82535.37,0.01795,False
1741805786788,82535.37,0.00265,False
1741805786788,82535.37,0.0071,False
1741805786788,82535.37,0.00194,False
1741805786792,82535.37,0.0029,False
1741805786795,82535.37,0.00871,False
1741805786795,82535.37,0.00163,False
1741805786970,82535.36,7e-05,True
1741805786970,82535.36,7e-05,True
1741805786970,82535.36,7e-05,True
1741805786970,82535.36,7e-05,True
1741805786970,82535.36,0.00013,True
1741805786970,82535.36,7e-05,True
1741805786970,82535.36,7e-05,True
1741805786970,82535.36,0.0001,True
1741805786970,82535.35,0.00014,True
1741805786970,82535.35,7e-05,True
1741805786970,82535.35,0.00014,True
1741805786970,82535.35,0.00013,True
1741805786970,82535.35,7e-05,True
1741805786970,82535.33,7e-05,True
1741805786970,82535.33,7e-05,True
1741805786970,82535.32,7e-05,True
1741805786970,82535.16,7e-05,True
1741805786992,82535.15,7e-05,True
1741805786992,82535.15,0.0001,True
1741805786992,82535.14,7e-05,True
1741805786992,82535.14,0.00013,True
1741805786992,82535.14,0.00013,True
1741805786992,82535.13,7e-05,True
1741805786992,82534.71,7e-05,True
1741805786992,82534.71,7e-05,True
1741805787005,82533.89,0.00033,False
1741805787083,82533.88,7e-05,True
1741805787083,82533.88,0.0001,True
1741805787083,82533.21,7e-05,True
1741805787083,82533.06,7e-05,True
1741805787083,82532.24,7e-05,True
1741805787083,82530.81,7e-05,True
1741805787083,82530.81,7e-05,True
1741805787083,82530.8,0.05022,True
1741805787083,82530.8,7e-05,True
1741805787083,82529.4,0.003,True
1741805787083,82529.4,7e-05,True
1741805787083,82528.44,7e-05,True
1741805787083,82528.44,7e-05,True
1741805787083,82528.44,9e-05,True
1741805787083,82528.44,7e-05,True
1741805787083,82528.44,8e-05,True
1741805787083,82528.44,7e-05,True
1741805787083,82528.44,7e-05,True
1741805787083,82528.44,7e-05,True
1741805787196,82528.44,0.00018,False
1741805787217,82528.43,7e-05,True
1741805787217,82528.43,0.00013,True
1741805787217,82528.43,0.0001,True
1741805787217,82528.42,8e-05,True
1741805787217,82528.42,7e-05,True
1741805787217,82528.42,0.00013,True
1741805787217,82528.42,0.00013,True
1741805787217,82528.42,0.00013,True
1741805787217,82528.12,7e-05,True
1741805787217,82528.12,7e-05,True
1741805787217,82527.53,7e-05,True
1741805787217,82527.26,7e-05,True
1741805787217,82527.25,7e-05,True
1741805787217,82527.24,7e-05,True
1741805787217,82526.9,7e-05,True
1741805787217,82526.9,7e-05,True
1741805787217,82526.48,7e-05,True
1741805787217,82526.21,0.00011,True
1741805787217,82526.21,0.00011,True
1741805787217,82526.21,0.00011,True
1741805787217,82526.08,7e-05,True
1741805787652,82526.07,0.00302,True
1741805787652,82526.07,0.001,True
1741805787652,82526.07,0.00014,True
1741805787652,82526.07,0.0001,True
1741805787652,82526.07,7e-05,True
1741805787652,82526.07,0.0145,True
1741805787652,82526.06,0.00011,True
1741805787652,82526.06,0.00013,True
1741805787652,82526.06,0.00014,True
1741805787652,82526.06,0.00014,True
1741805787652,82526.06,7e-05,True
1741805787652,82525.37,7e-05,True
1741805787652,82525.37,7e-05,True
1741805787652,82525.37,9e-05,True
1741805787715,82525.36,0.0001,True
1741805787715,82523.37,0.00014,True
1741805787715,82523.37,0.00014,True
1741805787715,82523.08,0.00015,True
1741805787715,82522.36,7e-05,True
1741805787715,82522.01,9e-05,True
1741805787715,82522.01,9e-05,True
1741805787715,82522.01,0.0001,True
1741805787715,82521.69,0.003,True
1741805787715,82521.26,0.00012,True
1741805787715,82521.26,0.00013,True
1741805787715,82521.26,0.00013,True
1741805787715,82520.63,7e-05,True
1741805788292,82520.62,0.0049,True
1741805788731,82520.63,0.02494,False
1741805789279,82520.63,0.0005,False
1741805789619,82520.63,0.00331,False
1741805790488,82520.62,8e-05,True
1741805790488,82520.62,5e-05,True
1741805790706,82520.62,8e-05,True
1741805790706,82520.62,0.02303,True
1741805790768,82520.63,0.00019,False
1741805791137,82520.63,7e-05,False
1741805791137,82520.63,0.00014,False
1741805791137,82520.63,0.00889,False
1741805791140,82520.63,0.0091,False
1741805791142,82520.63,0.0045,False
1741805791146,82520.63,0.0377,False
1741805791147,82520.63,0.0134,False
1741805791147,82520.63,0.02641,False
1741805791147,82520.63,7e-05,False
1741805791147,82520.63,7e-05,False
1741805791147,82520.63,7e-05,False
1741805791147,82520.63,7e-05,False
1741805791147,82520.63,0.00017,False
1741805791147,82520.63,7e-05,False
1741805791147,82520.63,7e-05,False
1741805791147,82520.63,0.0001,False
1741805791147,82520.63,0.0001,False
1741805791147,82520.63,0.0001,False
1741805791147,82520.63,0.0101,False
1741805791147,82520.63,7e-05,False
1741805791147,82520.63,0.0001,False
1741805791147,82520.63,0.0001,False
1741805791147,82520.63,7e-05,False
1741805791147,82520.63,7e-05,False
1741805791147,82520.63,7e-05,False
1741805791147,82520.64,0.00052,False
1741805791147,82520.64,0.00013,False
1741805791147,82520.64,0.00014,False
1741805791147,82520.64,0.00013,False
1741805791147,82520.64,7e-05,False
1741805791147,82520.64,7e-05,False
1741805791147,82520.7,7e-05,False
1741805791147,82520.7,7e-05,False
1741805791147,82521.52,7e-05,False
1741805791147,82521.52,7e-05,False
1741805791147,82522.01,7e-05,False
1741805791147,82522.01,7e-05,False
1741805791147,82522.21,7e-05,False
1741805791147,82522.22,7e-05,False
1741805791147,82522.23,7e-05,False
1741805791149,82522.35,7e-05,False
1741805791153,82525.12,9e-05,False
1741805791153,82525.12,7e-05,False
1741805791153,82525.12,7e-05,False
1741805791153,82525.12,0.00121,False
1741805791153,82525.12,7e-05,False
1741805791153,82525.12,7e-05,False
1741805791153,82525.37,7e-05,False
1741805791153,82525.37,7e-05,False
1741805791182,82525.38,7e-05,False
1741805791182,82525.38,7e-05,False
1741805791182,82525.38,7e-05,False
1741805791182,82525.38,7e-05,False
1741805791182,82525.38,7e-05,False
1741805791182,82525.38,0.00051,False
1741805791182,82525.38,7e-05,False
1741805791182,82525.38,0.00302,False
1741805791182,82525.38,0.00101,False
1741805791182,82525.38,0.0001,False
1741805791185,82525.39,7e-05,False
1741805791185,82525.39,7e-05,False
1741805791185,82525.39,0.00057,False
1741805791190,82525.46,7e-05,False
1741805791190,82525.46,7e-05,False
1741805791190,82525.46,0.0001,False
1741805791190,82525.46,7e-05,False
1741805791190,82525.46,7e-05,False
1741805791190,82525.46,7e-05,False
1741805791190,82525.46,7e-05,False
1741805791190,82525.46,0.00053,False
1741805791192,82525.47,7e-05,False
1741805791192,82525.47,7e-05,False
1741805791192,82525.47,0.00056,False
1741805791192,82525.47,0.0001,False
1741805791192,82525.64,7e-05,False
1741805791192,82525.64,7e-05,False
1741805791192,82525.82,7e-05,False
1741805791192,82525.82,7e-05,False
1741805791216,82525.83,0.00011,False
1741805791216,82525.83,0.00011,False
1741805791216,82525.83,7e-05,False
1741805791216,82525.83,7e-05,False
1741805791216,82525.83,7e-05,False
1741805791216,82525.83,7e-05,False
1741805791216,82525.83,0.00057,False
1741805791216,82525.83,0.0001,False
1741805791216,82525.83,7e-05,False
1741805791216,82525.83,7e-05,False
1741805791216,82525.84,0.00055,False
1741805791216,82525.84,7e-05,False
1741805791216,82525.84,7e-05,False
1741805791216,82525.84,0.00013,False
1741805791216,82526.47,7e-05,False
1741805791216,82526.47,7e-05,False
1741805791216,82526.47,7e-05,False
1741805791216,82527.08,7e-05,False
1741805791216,82527.08,7e-05,False
1741805791216,82527.25,0.00013,False
1741805791216,82527.25,7e-05,False
1741805791216,82527.25,7e-05,False
1741805791216,82527.62,7e-05,False
1741805791216,82527.62,7e-05,False
1741805791216,82527.63,0.00504,False
1741805791216,82527.63,7e-05,False
1741805791216,82528.4,7e-05,False
1741805791216,82530.31,7e-05,False
1741805791268,82530.32,7e-05,False
1741805791268,82530.32,7e-05,False
1741805791268,82530.32,7e-05,False
1741805791268,82530.32,7e-05,False
1741805791268,82530.32,7e-05,False
1741805791268,82530.32,0.00054,False
1741805791268,82530.32,0.0001,False
1741805791268,82530.32,7e-05,False
1741805791268,82530.33,0.00039,False
1741805791356,82530.33,0.00015,False
1741805791501,82530.33,1e-05,False
1741805791501,82530.33,7e-05,False
1741805791501,82530.33,7e-05,False
1741805791501,82530.33,5e-05,False
1741805791505,82530.33,2e-05,False
1741805791505,82530.33,7e-05,False
1741805791505,82530.33,7e-05,False
1741805791505,82530.33,7e-05,False
1741805791505,82530.33,7e-05,False
1741805791505,82530.33,7e-05,False
1741805791505,82530.33,0.0001,False
1741805791505,82530.33,7e-05,False
1741805791505,82530.33,0.0001,False
1741805791505,82530.33,7e-05,False
1741805791533,82530.33,6e-05,False
1741805791533,82530.33,0.00053,False
1741805791533,82530.33,7e-05,False
1741805791533,82530.33,0.0001,False
1741805791533,82530.33,7e-05,False
1741805791533,82530.33,7e-05,False
1741805791533,82530.33,7e-05,False
1741805791533,82530.33,7e-05,False
1741805791533,82530.33,7e-05,False
1741805791533,82530.34,0.00057,False
1741805791533,82530.34,7e-05,False
1741805791533,82530.34,7e-05,False
1741805791533,82530.34,0.00013,False
1741805791533,82530.34,0.00013,False
1741805791533,82530.58,7e-05,False
1741805791533,82530.58,7e-05,False
1741805791533,82530.58,7e-05,False
1741805791533,82530.92,0.00023,False
1741805791533,82530.92,0.00026,False
1741805791533,82530.92,0.00026,False
1741805791533,82530.92,7e-05,False
1741805791533,82530.92,7e-05,False
1741805791533,82530.92,0.00029,False
1741805791533,82530.93,0.00013,False
1741805791533,82530.93,7e-05,False
1741805791533,82530.93,7e-05,False
1741805791533,82531.22,7e-05,False
1741805791533,82531.4,7e-05,False
1741805791533,82531.4,7e-05,False
1741805791533,82532.31,7e-05,False
1741805791533,82534.26,7e-05,False
1741805791705,82534.27,0.00029,False
1741805791735,82534.27,0.00045,False
1741805791763,82534.27,0.00217,False
1741805791799,82534.27,0.00212,False
1741805791833,82534.27,0.00216,False
1741805791838,82534.26,0.00029,True
1741805791863,82534.27,0.00216,False
1741805791898,82534.27,0.00216,False
1741805792205,82534.26,8e-05,True
1741805792205,82534.26,7e-05,True
1741805792205,82534.26,7e-05,True
1741805792205,82534.26,7e-05,True
1741805792205,82534.26,7e-05,True
1741805792205,82534.26,0.00013,True
1741805792205,82534.26,7e-05,True
1741805792205,82534.26,7e-05,True
1741805792205,82534.26,0.0001,True
1741805792205,82534.25,0.00014,True
1741805792205,82534.25,0.00013,True
1741805792205,82534.25,0.00014,True
1741805792205,82534.25,7e-05,True
1741805792205,82534.25,7e-05,True
1741805792205,82534.21,0.00121,True
1741805792205,82534.21,7e-05,True
1741805792205,82534.21,7e-05,True
1741805792205,82534.01,7e-05,True
1741805792205,82534.01,7e-05,True
1741805792205,82534.0,7e-05,True
1741805792205,82534.0,7e-05,True
1741805792205,82532.7,7e-05,True
1741805792395,82532.69,7e-05,True
1741805792395,82532.69,0.00054,True
1741805792651,82532.7,0.00363,False
1741805792829,82532.69,7e-05,True
1741805792829,82532.69,7e-05,True
1741805792829,82532.69,8e-05,True
1741805792829,82532.69,7e-05,True
1741805792829,82532.69,0.00345,True
1741805792829,82532.69,7e-05,True
1741805792829,82532.69,7e-05,True
1741805792829,82532.69,0.00013,True
1741805792829,82532.69,7e-05,True
1741805792829,82532.69,0.0001,True
1741805792829,82532.68,7e-05,True
1741805792829,82532.68,7e-05,True
1741805792829,82532.68,0.00013,True
1741805792829,82532.68,0.00013,True
1741805792829,82532.68,0.00014,True
1741805792829,82532.24,7e-05,True
1741805792829,82532.24,7e-05,True
1741805792829,82532.24,7e-05,True
1741805792829,82531.49,7e-05,True
1741805792829,82531.49,7e-05,True
1741805792829,82531.48,7e-05,True
1741805792829,82531.48,7e-05,True
1741805792829,82531.41,7e-05,True
1741805792829,82531.41,7e-05,True
1741805792829,82531.05,7e-05,True
1741805792829,82531.05,7e-05,True
1741805792829,82529.51,0.00012,True
1741805792829,82529.51,7e-05,True
1741805792829,82529.3,0.003,True
1741805792829,82528.94,7e-05,True
1741805792829,82528.71,7e-05,True
1741805792829,82528.71,0.00011,True
1741805792829,82528.71,8e-05,True
1741805792829,82528.71,8e-05,True
1741805793048,82528.7,7e-05,True
1741805793048,82528.7,7e-05,True
1741805793048,82528.7,7e-05,True
1741805793048,82528.7,7e-05,True
1741805793048,82528.7,7e-05,True
1741805793048,82528.7,0.0001,True
1741805793048,82528.7,0.00014,True
1741805793048,82528.7,7e-05,True
1741805793048,82528.7,0.00279,True
1741805793086,82528.7,0.0001,True
1741805793086,82528.7,7e-05,True
1741805793086,82528.7,7e-05,True
1741805793086,82528.7,7e-05,True
1741805793086,82528.7,7e-05,True
1741805793086,82528.7,7e-05,True
1741805793086,82528.7,7e-05,True
1741805793086,82528.69,0.0001,True
1741805793086,82528.69,0.00013,True
1741805793086,82528.69,7e-05,True
1741805793086,82528.69,7e-05,True
1741805793086,82528.69,0.00013,True
1741805793086,82528.69,0.00013,True
1741805793086,82528.66,7e-05,True
1741805793086,82528.66,7e-05,True
1741805793086,82528.65,7e-05,True
1741805793086,82528.65,7e-05,True
1741805793086,82528.35,7e-05,True
1741805793086,82528.35,7e-05,True
1741805793086,82528.12,7e-05,True
1741805793086,82528.01,0.00014,True
1741805793086,82528.01,0.00014,True
1741805793086,82528.01,0.00014,True
1741805793086,82528.01,7e-05,True
1741805793086,82527.3,7e-05,True
1741805793086,82527.26,0.00013,True
1741805793086,82526.9,7e-05,True
1741805793215,82525.83,0.00011,True
1741805793215,82525.83,0.00011,True
1741805793215,82525.83,0.00011,True
1741805793215,82525.83,7e-05,True
1741805793215,82525.83,7e-05,True
1741805793215,82525.83,0.00015,True
1741805793215,82525.83,7e-05,True
1741805793215,82525.83,7e-05,True
1741805793215,82525.83,7e-05,True
1741805793215,82525.83,7e-05,True
1741805793215,82525.83,0.00013,True
1741805793215,82525.83,0.0001,True
1741805793215,82525.82,0.00014,True
1741805793215,82525.82,7e-05,True
1741805793215,82525.82,7e-05,True
1741805793215,82525.65,7e-05,True
1741805793215,82525.65,7e-05,True
1741805793215,82525.65,7e-05,True
1741805793215,82524.64,7e-05,True
1741805793215,82524.64,7e-05,True
1741805793215,82524.02,7e-05,True
1741805793215,82524.02,7e-05,True
1741805793215,82524.01,7e-05,True
1741805793215,82524.01,7e-05,True
1741805793215,82523.96,0.00013,True
1741805793215,82523.96,7e-05,True
1741805793215,82522.75,7e-05,True
1741805793215,82522.36,7e-05,True
1741805793215,82520.63,7e-05,True
1741805793215,82520.62,0.00666,True
1741805793215,82520.01,0.00013,True
1741805793215,82519.76,7e-05,True
1741805794122,82519.76,0.00213,False
1741805794155,82519.76,0.00211,False
1741805794185,82519.76,0.00215,False
1741805794215,82519.76,0.00217,False
1741805794241,82519.76,0.00042,False
1741805794533,82519.76,0.00049,False
1741805794624,82519.76,0.001,False
1741805794771,82519.75,0.00024,True
1741805795029,82519.76,0.0002,False
1741805795031,82519.75,0.13766,True
1741805795031,82519.75,0.0113,True
1741805795031,82519.75,0.34949,True
1741805795031,82519.75,0.0206,True
1741805795031,82519.75,7e-05,True
1741805795031,82519.75,0.1238,True
1741805795031,82519.75,0.0008,True
1741805795031,82519.75,7e-05,True
1741805795031,82519.75,7e-05,True
1741805795031,82519.75,0.2558,True
1741805795031,82519.75,0.00302,True
1741805795031,82519.75,0.001,True
1741805795031,82519.75,0.00013,True
1741805795031,82519.75,0.02218,True
1741805795031,82519.75,0.00121,True
1741805795031,82519.75,7e-05,True
1741805795031,82519.75,7e-05,True
1741805795031,82519.75,0.0001,True
1741805795031,82519.75,7e-05,True
1741805795031,82519.75,0.00606,True
1741805795031,82519.75,0.07766,True
1741805795031,82519.75,0.45,True
1741805795031,82519.75,0.45,True
1741805795031,82519.75,0.05122,True
1741805795031,82519.75,0.04698,True
1741805795031,82519.75,0.00385,True
1741805795031,82519.75,0.007,True
1741805795447,82519.76,8e-05,False
1741805796016,82519.76,0.0002,False
1741805796241,82519.76,0.01308,False
1741805796599,82519.76,0.0008,False
1741805796623,82519.76,0.00485,False
1741805796705,82519.76,0.05384,False
1741805796705,82519.76,0.07126,False
1741805797016,82519.76,7e-05,False
1741805797016,82519.76,7e-05,False
1741805797016,82519.76,6e-05,False
1741805797695,82519.75,0.0004,True
1741805797728,82519.75,0.00123,True
1741805797730,82519.76,1e-05,False
1741805797730,82519.76,8e-05,False
1741805797857,82519.75,0.00031,True
1741805798076,82519.75,0.00364,True
1741805798441,82519.75,0.01751,True
1741805799333,82519.75,0.0054,True
1741805799335,82519.75,0.0054,True
1741805799337,82519.75,0.00368,True
1741805799337,82519.75,0.00172,True
1741805799338,82519.75,0.0054,True
1741805799341,82519.75,0.00027,True
1741805799548,82519.76,5e-05,False
1741805799548,82519.76,0.01075,False
1741805799548,82519.76,0.08925,False
1741805799548,82519.76,7e-05,False
1741805799548,82519.76,0.0001,False
1741805799548,82519.76,7e-05,False
1741805799548,82519.76,7e-05,False
1741805799548,82519.76,7e-05,False
1741805799548,82519.76,0.00051,False
1741805799548,82519.76,7e-05,False
1741805799548,82519.76,7e-05,False
1741805799548,82519.76,8e-05,False
1741805799548,82519.76,7e-05,False
1741805799548,82519.76,0.01013,False
1741805799548,82519.76,0.0001,False
1741805799548,82519.77,0.00013,False
1741805799548,82519.77,0.00052,False
1741805799548,82519.77,0.00014,False
1741805799548,82519.77,0.00013,False
1741805799548,82519.77,7e-05,False
1741805799548,82519.77,7e-05,False
1741805799548,82519.81,7e-05,False
1741805799548,82519.81,7e-05,False
1741805799548,82519.81,0.0012,False
1741805799548,82519.88,7e-05,False
1741805799548,82519.88,7e-05,False
1741805799548,82519.91,7e-05,False
1741805799548,82519.91,7e-05,False
1741805799548,82520.0,7e-05,False
1741805799548,82520.01,7e-05,False
1741805799548,82520.02,7e-05,False
1741805799549,82523.98,7e-05,False
1741805799552,82525.77,8e-05,False
1741805799552,82525.77,7e-05,False
1741805799552,82525.77,7e-05,False
1741805799552,82525.77,0.00121,False
1741805799552,82525.77,0.0001,False
1741805799552,82526.47,7e-05,False
1741805799606,82526.74,7e-05,False
1741805799606,82526.74,7e-05,False
1741805799606,82526.74,7e-05,False
1741805799606,82526.74,7e-05,False
1741805799606,82526.74,7e-05,False
1741805799606,82526.74,0.00055,False
1741805799606,82526.74,7e-05,False
1741805799606,82526.74,0.00013,False
1741805799606,82526.74,0.00101,False
1741805799606,82526.74,0.0001,False
1741805799616,82526.75,7e-05,False
1741805799616,82526.75,0.00051,False
1741805799616,82526.75,0.00013,False
1741805799616,82526.75,7e-05,False
1741805799616,82526.75,7e-05,False
1741805799616,82526.75,0.0001,False
1741805799616,82526.75,7e-05,False
1741805799616,82526.75,7e-05,False
1741805799616,82526.75,7e-05,False
1741805799616,82526.76,0.00056,False
1741805799616,82526.76,7e-05,False
1741805799616,82526.76,7e-05,False
1741805799616,82527.24,7e-05,False
1741805799616,82527.24,7e-05,False
1741805799616,82527.24,7e-05,False
1741805799616,82527.24,7e-05,False
1741805799616,82527.24,7e-05,False
1741805799616,82527.25,0.00013,False
1741805799616,82527.25,7e-05,False
1741805799616,82527.25,7e-05,False
1741805799616,82527.29,7e-05,False
1741805799616,82527.29,7e-05,False
1741805799616,82527.3,7e-05,False
1741805799616,82527.31,7e-05,False
1741805799616,82527.83,0.00302,False
1741805799616,82527.83,7e-05,False
1741805799616,82528.02,0.003,False
1741805799616,82528.11,7e-05,False
1741805799616,82529.4,0.003,False
1741805799616,82530.06,0.00013,False
1741805799616,82530.26,7e-05,False
1741805799663,82530.27,7e-05,False
1741805799663,82530.27,7e-05,False
1741805799663,82530.27,7e-05,False
1741805799663,82530.27,7e-05,False
1741805799663,82530.27,0.00052,False
1741805799663,82530.27,0.0001,False
1741805799663,82530.27,7e-05,False
1741805799663,82530.27,7e-05,False
1741805799663,82530.28,0.00022,False
1741805799663,82530.28,0.00053,False
1741805799663,82530.28,0.00013,False
1741805799663,82530.28,7e-05,False
1741805799663,82530.28,7e-05,False
1741805799663,82530.58,7e-05,False
1741805799663,82530.58,7e-05,False
1741805799663,82530.58,7e-05,False
1741805799663,82530.9,7e-05,False
1741805799663,82530.9,7e-05,False
1741805799663,82530.91,7e-05,False
1741805799663,82530.91,7e-05,False
1741805799663,82531.43,0.0002,False
1741805799663,82531.43,0.0002,False
1741805799663,82531.43,0.0002,False
1741805799663,82531.43,7e-05,False
1741805799663,82531.43,7e-05,False
1741805799663,82531.44,0.00503,False
1741805799663,82531.44,7e-05,False
1741805799663,82531.61,7e-05,False
1741805799663,82531.62,0.00713,False
1741805799663,82531.62,7e-05,False
1741805799663,82532.23,7e-05,False
1741805799663,82534.23,7e-05,False
1741805800025,82534.24,7e-05,False
1741805800025,82534.24,0.00013,False
1741805800285,82534.24,0.00077,False
1741805800299,82534.24,0.00059,False
1741805800326,82534.23,0.00023,True
1741805800704,82534.24,0.00126,False
1741805800835,82534.23,8e-05,True
1741805800835,82534.23,7e-05,True
1741805800835,82534.23,7e-05,True
1741805800835,82534.23,0.00013,True
1741805800835,82534.23,0.0001,True
1741805800835,82534.23,7e-05,True
1741805800835,82534.23,7e-05,True
1741805800835,82534.23,7e-05,True
1741805800835,82534.23,0.00013,True
1741805800835,82534.23,7e-05,True
1741805800835,82534.22,0.00014,True
1741805800835,82534.22,0.00013,True
1741805800835,82534.22,0.00014,True
1741805800835,82534.22,7e-05,True
1741805800835,82534.22,7e-05,True
1741805800835,82534.18,0.0012,True
1741805800835,82534.18,7e-05,True
1741805800835,82534.18,7e-05,True
1741805800835,82534.1,0.003,True
1741805800835,82534.1,7e-05,True
1741805800835,82534.1,7e-05,True
1741805800835,82533.91,7e-05,True
1741805800835,82533.91,7e-05,True
1741805800835,82533.6,1e-05,True
1741805800839,82533.6,6e-05,True
1741805800839,82533.59,7e-05,True
1741805800839,82533.06,7e-05,True
1741805800839,82532.24,7e-05,True
1741805800839,82532.24,7e-05,True
1741805800839,82532.24,8e-05,True
1741805800839,82532.24,7e-05,True
1741805800839,82532.23,0.04221,True
1741805800839,82532.23,0.04803,True
1741805800841,82531.52,0.00174,True
1741805800841,82531.52,0.00667,True
1741805800841,82531.52,0.01214,True
1741805800843,82531.52,7e-05,True
1741805800843,82531.04,0.00012,True
1741805800843,82531.04,7e-05,True
1741805800843,82530.31,0.02254,True
1741805800846,82530.01,0.00011,True
1741805800846,82530.01,0.0001,True
1741805800846,82530.01,0.00011,True
1741805800846,82530.01,7e-05,True
1741805800846,82529.91,7e-05,True
1741805800846,82529.91,9e-05,True
1741805800846,82529.82,0.0004,True
1741805800846,82529.82,0.00462,True
1741805800846,82529.41,0.00503,True
1741805800851,82528.24,0.00015,True
1741805800851,82528.24,0.00015,True
1741805800851,82528.24,0.00015,True
1741805800852,82527.26,0.00013,True
1741805800852,82526.9,7e-05,True
1741805800854,82526.73,0.00252,True
1741805800866,82524.04,7e-05,True
1741805800866,82523.93,0.00013,True
1741805800889,82522.75,7e-05,True
1741805800889,82522.75,7e-05,True
1741805800889,82522.75,7e-05,True
1741805800898,82522.69,7e-05,True
1741805800898,82522.69,0.00027,True
1741805800898,82522.69,0.00027,True
1741805800898,82522.69,0.00027,True
1741805800898,82522.68,7e-05,True
1741805800898,82522.68,7e-05,True
1741805800901,82522.41,7e-05,True
1741805800901,82522.4,7e-05,True
1741805800901,82522.4,7e-05,True
1741805800901,82521.95,7e-05,True
1741805800901,82521.95,7e-05,True
1741805800901,82521.89,7e-05,True
1741805800901,82521.89,7e-05,True
1741805800901,82521.33,0.00554,True
1741805800920,82521.33,0.01622,True
1741805800920,82521.33,7e-05,True
1741805800920,82521.33,0.0001,True
1741805800920,82521.27,7e-05,True
1741805800920,82521.26,0.01423,True
1741805800920,82520.71,0.0001,True
1741805800920,82520.71,0.0001,True
1741805800920,82520.71,0.0001,True
1741805800920,82520.71,7e-05,True
1741805800934,82519.96,0.0001,True
1741805800935,82519.96,3e-05,True
1741805800935,82519.96,7e-05,True
1741805800935,82519.96,7e-05,True
1741805800950,82519.25,7e-05,True
1741805800950,82519.25,0.00054,True
1741805800950,82519.24,0.00509,True
1741805800950,82519.24,0.00065,True
1741805800950,82519.24,7e-05,True
1741805800950,82519.24,7e-05,True
1741805800950,82519.24,0.02731,True
1741805800957,82519.24,0.0001,True
1741805800957,82519.24,0.0001,True
1741805800958,82519.24,0.03703,True
1741805801199,82519.24,0.0001,True
1741805801199,82519.24,7e-05,True
1741805801199,82519.24,7e-05,True
1741805801199,82519.24,7e-05,True
1741805801199,82519.24,7e-05,True
1741805801199,82519.24,7e-05,True
1741805801199,82519.24,7e-05,True
1741805801199,82519.24,7e-05,True
1741805801199,82519.24,0.0001,True
1741805801199,82519.24,7e-05,True
1741805801199,82519.24,7e-05,True
1741805801199,82519.24,7e-05,True
1741805801199,82519.24,7e-05,True
1741805801199,82519.24,0.00013,True
1741805801199,82519.24,7e-05,True
1741805801199,82519.24,7e-05,True
1741805801199,82519.24,0.0001,True
1741805801199,82519.24,0.00045,True
1741805801403,82519.25,9e-05,False
1741805801705,82519.25,0.04701,False
1741805801705,82519.25,0.01755,False
1741805801705,82519.25,0.03049,False
1741805801740,82519.24,0.0004,True
1741805802962,82519.25,7e-05,False
1741805802962,82519.25,7e-05,False
1741805802962,82519.25,7e-05,False
1741805802962,82519.25,0.00011,False
1741805803462,82519.24,0.00025,True
1741805803489,82519.25,2e-05,False
1741805803489,82519.25,7e-05,False
1741805803489,82519.25,7e-05,False
1741805803489,82519.25,0.00957,False
1741805803515,82519.24,0.00032,True
1741805803611,82519.24,0.02521,True
1741805803680,82519.25,8e-05,False
1741805804611,82519.24,0.00355,True
1741805804897,82519.24,0.03121,True
1741805805072,82519.25,0.00025,False
1741805805201,82519.25,0.00024,False
1741805805295,82519.24,7e-05,True
1741805805295,82519.24,7e-05,True
1741805805295,82519.24,7e-05,True
1741805805295,82519.24,7e-05,True
1741805805295,82519.24,0.00014,True
1741805805295,82519.24,7e-05,True
1741805805295,82519.24,0.00122,True
1741805805655,82519.24,0.00038,True
1741805805655,82519.24,0.00026,True
1741805805655,82519.24,5e-05,True
1741805806195,82519.25,0.01316,False
1741805806344,82519.24,0.00022,True
1741805806344,82519.24,7e-05,True
1741805806344,82519.24,0.01229,True
1741805806344,82519.24,0.00092,True
1741805806601,82519.24,0.01404,True
1741805806601,82519.24,7e-05,True
1741805806601,82519.24,7e-05,True
1741805806601,82519.24,7e-05,True
1741805806601,82519.24,0.00014,True
1741805806601,82519.24,0.0001,True
1741805806601,82519.24,0.00047,True
1741805806601,82519.24,7e-05,True
1741805806601,82519.24,7e-05,True
1741805806601,82519.24,7e-05,True
1741805806601,82519.24,8e-05,True
1741805806601,82519.24,8e-05,True
1741805806601,82519.24,7e-05,True
1741805806601,82519.23,0.00014,True
1741805806601,82519.23,0.00014,True
1741805806601,82519.23,0.00014,True
1741805806601,82519.23,7e-05,True
1741805806601,82519.23,7e-05,True
1741805806601,82519.21,7e-05,True
1741805806601,82519.21,7e-05,True
1741805806601,82519.21,7e-05,True
1741805806601,82519.2,0.003,True
1741805806601,82519.2,7e-05,True
1741805806601,82519.2,7e-05,True
1741805806601,82519.2,0.003,True
1741805806601,82519.07,7e-05,True
1741805806601,82519.07,7e-05,True
1741805806601,82518.95,8e-05,True
1741805806601,82518.95,7e-05,True
1741805806601,82518.85,7e-05,True
1741805806601,82518.84,0.0001,True
1741805806601,82518.84,7e-05,True
1741805806603,82517.08,0.0003,True
1741805806603,82516.96,0.00244,True
1741805806603,82516.53,0.00013,True
1741805806603,82516.02,7e-05,True
1741805806603,82516.01,0.01186,True
1741805806604,82516.01,0.00237,True
1741805806604,82515.63,7e-05,True
1741805806604,82515.63,9e-05,True
1741805806604,82515.63,9e-05,True
1741805806604,82515.63,0.0001,True
1741805806606,82515.62,7e-05,True
1741805806606,82515.57,8e-05,True
1741805806607,82515.56,0.01824,True
1741805806607,82515.56,7e-05,True
1741805806610,82514.61,8e-05,True
1741805806610,82514.61,7e-05,True
1741805806610,82514.45,7e-05,True
1741805806610,82514.45,7e-05,True
1741805806610,82514.45,7e-05,True
1741805806610,82514.13,7e-05,True
1741805806610,82514.13,7e-05,True
1741805806610,82512.7,7e-05,True
1741805806610,82512.2,7e-05,True
1741805806610,82512.2,8e-05,True
1741805806610,82512.2,7e-05,True
1741805806610,82512.2,7e-05,True
1741805806822,82512.19,0.00025,True
1741805806822,82512.19,0.00025,True
1741805806824,82512.19,0.00144,True
1741805806825,82512.19,0.00489,True
1741805806826,82512.19,0.00047,True
1741805806826,82512.19,0.00049,True
1741805806830,82512.19,0.00091,True
1741805806833,82512.19,0.0005,True
1741805806854,82512.19,0.00606,True
1741805807134,82512.2,0.00017,False
1741805807726,82512.2,0.00138,False
1741805808528,82512.19,0.00061,True
1741805809196,82512.19,0.00012,True
1741805809444,82512.19,0.00043,True
1741805809594,82512.2,0.00063,False
1741805809824,82512.19,0.00534,True
1741805809824,82512.19,7e-05,True
1741805809824,82512.19,7e-05,True
1741805809824,82512.19,0.00091,True
1741805809902,82512.19,0.00073,True
1741805809906,82512.2,0.00041,False
1741805809939,82512.2,0.00062,False
1741805810158,82512.2,7e-05,False
1741805810158,82512.2,7e-05,False
1741805810158,82512.2,0.00085,False
1741805810158,82512.2,7e-05,False
1741805810158,82512.2,0.00376,False
1741805810240,82512.19,0.00138,True
1741805810240,82512.19,0.001,True
1741805810240,82512.19,0.00355,True
1741805810265,82512.2,0.06058,False
1741805810265,82512.2,0.04566,False
1741805810265,82512.2,7e-05,False
1741805810265,82512.2,0.00013,False
1741805810265,82512.2,7e-05,False
1741805810265,82512.2,0.00606,False
1741805810265,82512.2,0.1,False
1741805810265,82512.2,0.00023,False
1741805810265,82512.2,0.02329,False
1741805810265,82512.2,7e-05,False
1741805810265,82512.2,7e-05,False
1741805810265,82512.2,7e-05,False
1741805810265,82512.2,7e-05,False
1741805810265,82512.2,0.0001,False
1741805810265,82512.21,0.00013,False
1741805810265,82512.21,0.00013,False
1741805810265,82512.21,7e-05,False
1741805810265,82512.21,7e-05,False
1741805810265,82512.21,0.00014,False
1741805810265,82512.21,0.00053,False
1741805810265,82512.24,7e-05,False
1741805810265,82512.24,7e-05,False
1741805810265,82512.25,7e-05,False
1741805810265,82512.25,7e-05,False
1741805810265,82512.26,7e-05,False
1741805810265,82512.26,7e-05,False
1741805810265,82512.47,7e-05,False
1741805810265,82512.51,7e-05,False
1741805810284,82517.19,7e-05,False
1741805810284,82517.19,7e-05,False
1741805810284,82517.19,0.0001,False
1741805810284,82517.19,7e-05,False
1741805810284,82517.19,7e-05,False
1741805810284,82517.19,7e-05,False
1741805810284,82517.19,7e-05,False
1741805810284,82517.19,7e-05,False
1741805810284,82517.19,0.00053,False
1741805810284,82517.2,0.00503,False
1741805810284,82517.2,7e-05,False
1741805810284,82517.2,7e-05,False
1741805810284,82517.2,0.00053,False
1741805810284,82518.68,7e-05,False
1741805810284,82518.68,7e-05,False
1741805810284,82518.68,7e-05,False
1741805810284,82518.69,0.00506,False
1741805810284,82518.69,7e-05,False
1741805810284,82518.69,7e-05,False
1741805810314,82519.24,7e-05,False
1741805810314,82519.24,7e-05,False
1741805810314,82519.24,7e-05,False
1741805810314,82519.24,0.0001,False
1741805810314,82519.24,7e-05,False
1741805810314,82519.24,7e-05,False
1741805810314,82519.24,7e-05,False
1741805810314,82519.24,7e-05,False
1741805810314,82519.24,0.00056,False
1741805810467,82519.24,7e-05,True
1741805810560,82519.25,7e-05,False
1741805810560,82519.25,0.00013,False
1741805810707,82519.25,0.0012,False
1741805810769,82519.25,0.00339,False
1741805811045,82519.25,0.0002,False
1741805811348,82519.24,0.0006,True
1741805811485,82519.25,0.04467,False
1741805811485,82519.25,7e-05,False
1741805811485,82519.25,0.00053,False
1741805811485,82519.25,7e-05,False
1741805811485,82519.25,0.00384,False
1741805811485,82519.25,7e-05,False
1741805811485,82519.25,7e-05,False
1741805811485,82519.25,0.00264,False
1741805811485,82519.25,0.00013,False
1741805811485,82519.25,7e-05,False
1741805811485,82519.25,9e-05,False
1741805811485,82519.25,7e-05,False
1741805811485,82519.25,0.0001,False
1741805811485,82519.26,0.00014,False
1741805811485,82519.26,7e-05,False
1741805811485,82519.26,7e-05,False
1741805811485,82519.26,0.00013,False
1741805811485,82519.26,0.00053,False
1741805811485,82519.26,0.00013,False
1741805811485,82519.3,0.003,False
1741805811485,82519.3,7e-05,False
1741805811485,82519.3,7e-05,False
1741805811485,82519.88,7e-05,False
1741805811485,82519.88,7e-05,False
1741805811485,82519.88,7e-05,False
1741805811485,82520.06,7e-05,False
1741805811485,82520.06,7e-05,False
1741805811485,82520.07,7e-05,False
1741805811485,82520.27,0.00303,False
1741805811485,82520.27,7e-05,False
1741805811485,82520.46,7e-05,False
1741805811485,82520.61,0.001,False
1741805811493,82521.88,0.0001,False
1741805811493,82521.88,7e-05,False
1741805811493,82521.88,7e-05,False
1741805811493,82521.88,7e-05,False
1741805811493,82521.88,7e-05,False
1741805811493,82521.88,7e-05,False
1741805811493,82521.88,7e-05,False
1741805811493,82521.89,0.00012,False
1741805811493,82521.89,0.00054,False
1741805811493,82522.34,0.00015,False
1741805811493,82522.34,0.00015,False
1741805811493,82522.35,7e-05,False
1741805811493,82522.35,7e-05,False
1741805811493,82522.35,7e-05,False
1741805811493,82523.87,0.00025,False
1741805811493,82524.92,0.00013,False
1741805811493,82524.92,7e-05,False
1741805811493,82524.92,7e-05,False
1741805811493,82525.08,0.00013,False
1741805811493,82525.08,7e-05,False
1741805811493,82525.08,7e-05,False
1741805811493,82525.47,7e-05,False
1741805811493,82525.47,7e-05,False
1741805811493,82525.64,7e-05,False
1741805811493,82525.94,7e-05,False
1741805811493,82525.94,7e-05,False
1741805811548,82525.95,0.00019,False
1741805811616,82525.95,7e-05,False
1741805811616,82525.95,7e-05,False
1741805811616,82525.95,0.0001,False
1741805811616,82525.95,7e-05,False
1741805811616,82525.95,7e-05,False
1741805811616,82525.95,7e-05,False
1741805811616,82525.95,7e-05,False
1741805811616,82525.95,0.00013,False
1741805811616,82525.95,0.0001,False
1741805811616,82525.95,7e-05,False
1741805811616,82525.95,0.00058,False
1741805811616,82525.95,0.0001,False
1741805811616,82525.96,0.0002,False
1741805811616,82525.96,0.00055,False
1741805811616,82525.96,7e-05,False
1741805811616,82525.96,7e-05,False
1741805811616,82525.96,0.00014,False
1741805811616,82525.96,0.00014,False
1741805811616,82526.25,7e-05,False
1741805811616,82526.25,7e-05,False
1741805811616,82526.73,0.00022,False
1741805811616,82526.73,0.00022,False
1741805811616,82526.73,0.00014,False
1741805811616,82526.73,7e-05,False
1741805811616,82526.73,7e-05,False
1741805811616,82526.74,0.00244,False
1741805811616,82526.74,7e-05,False
1741805811616,82526.74,7e-05,False
1741805811616,82527.13,7e-05,False
1741805811616,82527.14,7e-05,False
1741805811616,82527.29,7e-05,False
1741805811616,82527.29,7e-05,False
1741805811616,82527.51,0.003,False
1741805811616,82529.89,7e-05,False
1741805811815,82532.23,7e-05,False
1741805811815,82532.23,7e-05,False
1741805811815,82532.23,7e-05,False
1741805811815,82532.23,7e-05,False
1741805811815,82532.23,7e-05,False
1741805811815,82532.23,0.00027,False
1741805811815,82532.23,0.00027,False
1741805811815,82532.23,0.00027,False
1741805811815,82532.23,0.0001,False
1741805811815,82532.23,0.00014,False
1741805811815,82532.23,7e-05,False
1741805811815,82532.23,0.00051,False
1741805811815,82532.24,0.00032,False
1741805811815,82532.24,0.00055,False
1741805811815,82532.24,7e-05,False
1741805811815,82532.24,7e-05,False
1741805811815,82532.24,0.00013,False
1741805811815,82532.24,0.00014,False
1741805811815,82532.24,0.00014,False
1741805811815,82532.61,7e-05,False
1741805811815,82532.61,7e-05,False
1741805811815,82532.99,7e-05,False
1741805811815,82532.99,7e-05,False
1741805811815,82533.05,7e-05,False
1741805811815,82533.05,7e-05,False
1741805811815,82533.05,7e-05,False
1741805811815,82533.29,7e-05,False
1741805811815,82533.29,7e-05,False
1741805812008,82533.3,7e-05,False
1741805812008,82533.3,7e-05,False
1741805812008,82533.3,7e-05,False
1741805812008,82533.3,7e-05,False
1741805812008,82533.3,0.0169,False
1741805812008,82533.3,0.00157,False
1741805812008,82533.3,7e-05,False
1741805812008,82533.3,0.00013,False
1741805812008,82533.3,0.0001,False
1741805812008,82533.3,7e-05,False
1741805812008,82533.31,0.00058,False
1741805812008,82533.31,0.00014,False
1741805812008,82533.31,0.00014,False
1741805812008,82533.31,7e-05,False
1741805812008,82533.31,7e-05,False
1741805812008,82533.31,0.00013,False
1741805812008,82533.66,8e-05,False
1741805812008,82533.66,8e-05,False
1741805812008,82533.66,8e-05,False
1741805812008,82533.66,7e-05,False
1741805812008,82533.66,7e-05,False
1741805812008,82533.67,7e-05,False
1741805812008,82533.67,7e-05,False
1741805812049,82533.68,7e-05,False
1741805812049,82533.68,0.0001,False
1741805812049,82533.68,2e-05,False
1741805813408,82533.67,0.00012,True
1741805813707,82533.68,0.00281,False
1741805813993,82533.68,0.00015,False
1741805814264,82533.67,0.02361,True
1741805814659,82533.67,7e-05,True
1741805814659,82533.67,7e-05,True
1741805814659,82533.67,7e-05,True
1741805814659,82533.67,7e-05,True
1741805814659,82533.67,7e-05,True
1741805814659,82533.67,7e-05,True
1741805814659,82533.67,0.00013,True
1741805814659,82533.67,0.0001,True
1741805814659,82533.67,0.00118,True
1741805814659,82533.67,0.00026,True
1741805814659,82533.67,0.00394,True
1741805814667,82533.67,0.00211,True
1741805814667,82533.67,0.00605,True
1741805814667,82533.67,0.14274,True
1741805814673,82533.67,0.00079,True
1741805814674,82533.67,0.00526,True
1741805814674,82533.67,7e-05,True
1741805814674,82533.67,7e-05,True
1741805814674,82533.67,7e-05,True
1741805814674,82533.67,7e-05,True
1741805814674,82533.67,7e-05,True
1741805814674,82533.67,7e-05,True
1741805814674,82533.67,0.0001,True
1741805814674,82533.67,0.00081,True
1741805814674,82533.66,0.00013,True
1741805814674,82533.66,0.00013,True
1741805814674,82533.66,7e-05,True
1741805814674,82533.66,7e-05,True
1741805814674,82533.66,0.00014,True
1741805814674,82533.33,7e-05,True
1741805814674,82533.33,7e-05,True
1741805814674,82533.32,7e-05,True
1741805814674,82533.32,7e-05,True
1741805814674,82533.31,7e-05,True
1741805814674,82533.31,7e-05,True
1741805814674,82533.3,7e-05,True
1741805814674,82533.3,7e-05,True
1741805814674,82533.3,8e-05,True
1741805814674,82533.3,7e-05,True
1741805814674,82533.3,7e-05,True
1741805814674,82533.29,7e-05,True
1741805814674,82533.28,7e-05,True
1741805814674,82533.0,0.00012,True
1741805814674,82532.74,7e-05,True
1741805814711,82532.25,0.00127,False
1741805814713,82532.24,9e-05,True
1741805814713,82532.24,0.00148,True
1741805814713,82532.24,9e-05,True
1741805814713,82532.24,9e-05,True
1741805814713,82532.24,7e-05,True
1741805814713,82532.24,7e-05,True
1741805814713,82532.24,7e-05,True
1741805814713,82532.24,0.00303,True
1741805814713,82532.24,0.001,True
1741805814713,82532.24,0.0001,True
1741805814713,82532.24,7e-05,True
1741805814713,82532.24,7e-05,True
1741805814713,82532.24,7e-05,True
1741805814713,82532.24,7e-05,True
1741805814713,82532.24,7e-05,True
1741805814713,82532.24,7e-05,True
1741805814717,82532.23,0.00091,True
1741805814717,82532.23,7e-05,True
1741805814717,82532.23,7e-05,True
1741805814717,82532.12,7e-05,True
1741805814717,82532.12,7e-05,True
1741805814717,82531.41,7e-05,True
1741805814717,82531.41,7e-05,True
1741805814720,82531.41,7e-05,True
1741805814720,82531.41,7e-05,True
1741805814720,82531.05,7e-05,True
1741805814720,82531.05,7e-05,True
1741805814720,82530.9,0.003,True
1741805814720,82530.9,7e-05,True
1741805814720,82530.59,7e-05,True
1741805814730,82528.48,7e-05,True
1741805814730,82528.47,0.00504,True
1741805814730,82528.29,7e-05,True
1741805814730,82528.28,0.00505,True
1741805814730,82527.81,7e-05,True
1741805814730,82527.81,7e-05,True
1741805814730,82527.8,0.00505,True
1741805814730,82527.66,1e-05,True
1741805814747,82527.8,7e-05,True
1741805814747,82527.8,0.00014,True
1741805814747,82527.66,7e-05,True
1741805814747,82527.66,7e-05,True
1741805814747,82526.9,5e-05,True
1741805814787,82526.9,2e-05,True
1741805814787,82526.9,7e-05,True
1741805814787,82526.9,7e-05,True
1741805814787,82526.9,0.0001,True
1741805814787,82526.9,7e-05,True
1741805814787,82526.9,7e-05,True
1741805814787,82526.9,7e-05,True
1741805814787,82526.9,7e-05,True
1741805814787,82526.9,7e-05,True
1741805814787,82526.9,7e-05,True
1741805814787,82526.9,7e-05,True
1741805814787,82526.9,7e-05,True
1741805814787,82526.9,7e-05,True
1741805814787,82526.89,0.00026,True
1741805814787,82526.89,7e-05,True
1741805814787,82526.89,7e-05,True
1741805814803,82526.29,9e-05,True
1741805814803,82526.29,9e-05,True
1741805814803,82526.29,0.0001,True
1741805814803,82526.29,7e-05,True
1741805814803,82526.29,7e-05,True
1741805814803,82526.29,0.00029,True
1741805814803,82526.29,0.00029,True
1741805814803,82526.29,0.00029,True
1741805814803,82526.29,0.0001,True
1741805814803,82526.29,7e-05,True
1741805814803,82526.29,7e-05,True
1741805814803,82526.29,7e-05,True
1741805814803,82526.29,7e-05,True
1741805814803,82526.29,0.00013,True
1741805814808,82525.95,0.00011,True
1741805814808,82525.95,0.00011,True
1741805814808,82525.95,7e-05,True
1741805814808,82525.95,7e-05,True
1741805814808,82525.95,7e-05,True
1741805814808,82525.95,0.0001,True
1741805814808,82525.95,7e-05,True
1741805814808,82525.95,7e-05,True
1741805814808,82525.95,7e-05,True
1741805814808,82525.95,7e-05,True
1741805815081,82525.94,7e-05,True
1741805815081,82525.94,7e-05,True
1741805815081,82525.94,7e-05,True
1741805815081,82525.94,7e-05,True
1741805815081,82525.94,7e-05,True
1741805815081,82525.94,0.00014,True
1741805815081,82525.94,0.0001,True
1741805815081,82525.94,7e-05,True
1741805815081,82525.93,0.00013,True
1741805815081,82525.93,0.00014,True
1741805815081,82525.93,7e-05,True
1741805815081,82525.93,7e-05,True
1741805815081,82525.93,0.00014,True
1741805815081,82525.65,7e-05,True
1741805815081,82525.65,7e-05,True
1741805815081,82525.65,7e-05,True
1741805815081,82525.05,7e-05,True
1741805815081,82525.05,7e-05,True
1741805815081,82525.04,7e-05,True
1741805815081,82525.04,7e-05,True
1741805815081,82524.9,7e-05,True
1741805815081,82524.9,7e-05,True
1741805815081,82524.89,0.0756,True
1741805815111,82524.89,7e-05,True
1741805815111,82524.89,7e-05,True
1741805815111,82524.89,7e-05,True
1741805815111,82524.89,7e-05,True
1741805815111,82524.89,7e-05,True
1741805815111,82524.89,7e-05,True
1741805815111,82524.89,7e-05,True
1741805815111,82524.89,7e-05,True
1741805815111,82524.89,7e-05,True
1741805815111,82524.89,7e-05,True
1741805815111,82524.89,7e-05,True
1741805815111,82524.88,0.0001,True
1741805815111,82524.88,7e-05,True
1741805815111,82524.88,7e-05,True
1741805815111,82524.83,7e-05,True
1741805815111,82524.83,7e-05,True
1741805815111,82524.3,0.0001,True
1741805815111,82524.3,7e-05,True
1741805815111,82524.3,7e-05,True
1741805815111,82523.95,9e-05,True
1741805815111,82523.95,9e-05,True
1741805815111,82523.95,0.00012,True
1741805815111,82523.95,0.00012,True
1741805815111,82523.95,7e-05,True
1741805815111,82523.95,7e-05,True
1741805815364,82523.19,0.00276,False
1741805815544,82523.18,7e-05,True
1741805815544,82523.18,7e-05,True
1741805815544,82523.18,7e-05,True
1741805815544,82523.18,7e-05,True
1741805815544,82523.18,7e-05,True
1741805815544,82523.18,7e-05,True
1741805815544,82523.18,5e-05,True
1741805815609,82523.18,8e-05,True
1741805815609,82523.18,0.0001,True
1741805815609,82523.18,7e-05,True
1741805815609,82523.18,7e-05,True
1741805815609,82523.18,7e-05,True
1741805815609,82523.18,7e-05,True
1741805815609,82523.18,7e-05,True
1741805815609,82523.18,7e-05,True
1741805815609,82523.18,0.0001,True
1741805815609,82523.18,0.0001,True
1741805815609,82523.17,9e-05,True
1741805815609,82523.17,7e-05,True
1741805815609,82523.17,7e-05,True
1741805815609,82523.17,0.00014,True
1741805815609,82523.17,0.00014,True
1741805815609,82523.17,0.00013,True
1741805815609,82522.37,8e-05,True
1741805815609,82522.37,8e-05,True
1741805815609,82522.37,0.0001,True
1741805815609,82522.37,7e-05,True
1741805815609,82522.37,7e-05,True
1741805815609,82522.36,7e-05,True
1741805815609,82522.36,7e-05,True
1741805815609,82522.36,7e-05,True
1741805815609,82521.92,7e-05,True
1741805815609,82521.92,7e-05,True
1741805815609,82521.89,0.00013,True
1741805815609,82521.89,7e-05,True
1741805815609,82521.54,7e-05,True
1741805815609,82521.54,7e-05,True
1741805815609,82521.0,0.003,True
1741805815609,82521.0,7e-05,True
1741805815609,82520.76,8e-05,True
1741805815609,82520.71,7e-05,True
1741805815609,82520.51,7e-05,True
1741805815609,82520.02,7e-05,True
1741805815609,82520.01,7e-05,True
1741805815609,82520.01,0.0001,True
1741805815609,82520.01,0.0001,True
1741805815609,82520.01,0.0001,True
1741805815940,82519.75,0.005,True
1741805815940,82519.75,7e-05,True
1741805815940,82519.75,7e-05,True
1741805815940,82519.75,7e-05,True
1741805815940,82519.75,7e-05,True
1741805815940,82519.75,0.00013,True
1741805815940,82519.75,0.0001,True
1741805815940,82519.75,7e-05,True
1741805815940,82519.75,7e-05,True
1741805815940,82519.74,0.00017,True
1741805815940,82519.74,0.00013,True
1741805815940,82519.74,0.00013,True
1741805815940,82519.74,0.00013,True
1741805815940,82519.74,7e-05,True
1741805815940,82519.74,7e-05,True
1741805815940,82519.13,7e-05,True
1741805815940,82519.13,7e-05,True
1741805815940,82519.13,7e-05,True
1741805815940,82519.13,0.00016,True
1741805815940,82519.13,0.00016,True
1741805815940,82519.13,0.00016,True
1741805815940,82519.13,8e-05,True
1741805816399,82519.12,7e-05,True
1741805816399,82519.12,7e-05,True
1741805816399,82519.12,7e-05,True
1741805816399,82519.12,7e-05,True
1741805816399,82519.12,8e-05,True
1741805816399,82519.12,0.0001,True
1741805816399,82519.12,7e-05,True
1741805816399,82519.12,7e-05,True
1741805816399,82519.12,0.00014,True
1741805816399,82519.11,0.00014,True
1741805816399,82519.11,7e-05,True
1741805816399,82519.11,7e-05,True
1741805816399,82519.11,0.00014,True
1741805816399,82519.11,0.00014,True
1741805816399,82519.07,7e-05,True
1741805816399,82519.07,7e-05,True
1741805816399,82519.07,7e-05,True
1741805816399,82518.61,7e-05,True
1741805816399,82518.61,7e-05,True
1741805816399,82518.6,7e-05,True
1741805816399,82518.6,7e-05,True
1741805816855,82518.61,0.00474,False
1741805817035,82518.61,0.00014,False
1741805817038,82518.61,0.0021,False
1741805817038,82518.61,0.0021,False
1741805817038,82518.61,0.00206,False
1741805817170,82518.6,7e-05,True
1741805817170,82518.6,8e-05,True
1741805817170,82518.6,7e-05,True
1741805817335,82518.61,7e-05,False
1741805817335,82518.61,7e-05,False
1741805817335,82518.61,0.01217,False
1741805817335,82518.61,9e-05,False
1741805817335,82518.61,7e-05,False
1741805817335,82518.61,0.11,False
1741805817335,82518.61,0.08033,False
1741805817336,82518.61,0.01967,False
1741805817336,82518.61,0.00014,False
1741805817336,82518.61,7e-05,False
1741805817336,82518.61,7e-05,False
1741805817336,82518.61,7e-05,False
1741805817336,82518.61,0.02585,False
1741805817336,82518.61,0.00227,False
1741805817336,82518.62,0.00014,False
1741805817336,82518.62,0.00014,False
1741805817336,82518.62,0.00013,False
1741805817336,82518.62,7e-05,False
1741805817336,82518.62,7e-05,False
1741805817336,82518.63,7e-05,False
1741805817336,82518.63,7e-05,False
1741805817336,82518.64,0.00053,False
1741805817336,82518.64,7e-05,False
1741805817336,82518.64,7e-05,False
1741805817336,82518.65,7e-05,False
1741805817336,82518.65,7e-05,False
1741805817336,82518.83,7e-05,False
1741805817336,82518.84,7e-05,False
1741805817336,82518.87,7e-05,False
1741805817336,82519.13,0.00013,False
1741805817342,82521.1,0.003,False
1741805817342,82521.1,0.00058,False
1741805817342,82521.1,0.0001,False
1741805817342,82521.13,0.00052,False
1741805817347,82521.24,7e-05,False
1741805817347,82521.24,7e-05,False
1741805817347,82521.24,0.0001,False
1741805817347,82521.24,0.0001,False
1741805817347,82521.24,0.0001,False
1741805817360,82521.25,0.00727,False
1741805817360,82521.25,7e-05,False
1741805817360,82521.25,0.0001,False
1741805817360,82521.25,7e-05,False
1741805817360,82521.25,0.00073,False
1741805817360,82521.25,7e-05,False
1741805817360,82521.25,7e-05,False
1741805817360,82521.25,7e-05,False
1741805817360,82521.25,7e-05,False
1741805817360,82521.26,7e-05,False
1741805817360,82521.26,7e-05,False
1741805817360,82521.26,7e-05,False
1741805817360,82521.27,7e-05,False
1741805817360,82521.27,7e-05,False
1741805817360,82521.53,7e-05,False
1741805817360,82521.53,7e-05,False
1741805817360,82521.53,7e-05,False
1741805817360,82523.11,9e-05,False
1741805817360,82523.11,9e-05,False
1741805817360,82523.11,9e-05,False
1741805817360,82523.11,7e-05,False
1741805817360,82523.11,7e-05,False
1741805817360,82523.12,7e-05,False
1741805817360,82523.87,7e-05,False
1741805817360,82523.87,7e-05,False
1741805817360,82523.88,0.00502,False
1741805817360,82523.88,7e-05,False
1741805817360,82524.61,7e-05,False
1741805817360,82524.62,0.00506,False
1741805817360,82525.08,0.00013,False
1741805817360,82525.28,7e-05,False
1741805817494,82525.29,7e-05,False
1741805817494,82525.29,7e-05,False
1741805817494,82525.29,7e-05,False
1741805817494,82525.29,7e-05,False
1741805817494,82525.29,0.00014,False
1741805817494,82525.29,0.00101,False
1741805817494,82525.29,0.00304,False
1741805817494,82525.29,0.0001,False
1741805817494,82525.29,7e-05,False
1741805817494,82525.29,7e-05,False
1741805817494,82525.29,0.00052,False
1741805817494,82525.3,0.0002,False
1741805817494,82525.3,7e-05,False
1741805817494,82525.3,7e-05,False
1741805817494,82525.3,0.00013,False
1741805817494,82525.3,0.00014,False
1741805817494,82525.31,0.00051,False
1741805817494,82525.31,7e-05,False
1741805817494,82525.31,7e-05,False
1741805817494,82525.32,7e-05,False
1741805817494,82525.32,7e-05,False
1741805817494,82525.64,7e-05,False
1741805817494,82525.64,7e-05,False
1741805817494,82525.64,7e-05,False
1741805817494,82525.93,0.00014,False
1741805817494,82525.93,0.00014,False
1741805817494,82525.93,0.00014,False
1741805817494,82525.93,7e-05,False
1741805817494,82526.06,7e-05,False
1741805817494,82526.06,7e-05,False
1741805817494,82526.07,0.03772,False
1741805817494,82526.07,7e-05,False
1741805817494,82526.47,7e-05,False
1741805817494,82527.25,0.00013,False
1741805817494,82527.29,7e-05,False
1741805817494,82528.02,0.003,False
1741805817494,82528.12,8e-05,False
1741805817494,82530.31,0.00013,False
1741805817494,82531.8,7e-05,False
1741805817561,82531.81,7e-05,False
1741805817561,82531.81,7e-05,False
1741805817561,82531.81,5e-05,False
1741805817574,82531.8,0.00074,True
1741805817794,82531.8,0.001,True
1741805817964,82531.8,0.00029,True
1741805818038,82531.8,0.01805,True
1741805818046,82531.8,0.00021,True
1741805818057,82531.8,0.00042,True
1741805818061,82531.81,7e-05,False
1741805818061,82531.81,7e-05,False
1741805818061,82531.81,6e-05,False
1741805818074,82531.8,0.00024,True
1741805818146,82531.81,1e-05,False
1741805818146,82531.81,7e-05,False
1741805818146,82531.81,7e-05,False
1741805818146,82531.81,7e-05,False
1741805818146,82531.81,0.00013,False
1741805818146,82531.81,0.00049,False
1741805818146,82531.81,0.00057,False
1741805818146,82531.81,0.0001,False
1741805818146,82531.81,7e-05,False
1741805818146,82531.81,7e-05,False
1741805818148,82531.82,0.00032,False
1741805818148,82531.82,7e-05,False
1741805818148,82531.82,7e-05,False
1741805818148,82531.82,0.00014,False
1741805818148,82531.82,0.00013,False
1741805818148,82531.82,0.00014,False
1741805818270,82531.83,7e-05,False
1741805818270,82531.83,1e-05,False
1741805818312,82531.82,0.0004,True
1741805818321,82531.82,0.00918,True
1741805818482,82531.83,6e-05,False
1741805818482,82531.83,7e-05,False
1741805818482,82531.83,7e-05,False
1741805818482,82531.83,7e-05,False
1741805818482,82531.83,7e-05,False
1741805818482,82531.83,0.00014,False
1741805818482,82531.83,7e-05,False
1741805818482,82531.83,0.00053,False
1741805818482,82531.83,0.0001,False
1741805818482,82531.84,0.00014,False
1741805818482,82531.84,7e-05,False
1741805818482,82531.84,7e-05,False
1741805818482,82531.84,0.00014,False
1741805818482,82531.84,0.00013,False
1741805818482,82531.85,0.00053,False
1741805818482,82531.85,7e-05,False
1741805818482,82531.85,7e-05,False
1741805818482,82532.35,7e-05,False
1741805818482,82532.35,7e-05,False
1741805818482,82532.36,7e-05,False
1741805818482,82532.36,7e-05,False
1741805818482,82532.55,7e-05,False
1741805818482,82532.56,7e-05,False
1741805818482,82532.57,0.00033,False
1741805818482,82532.57,0.00033,False
1741805818482,82532.57,0.00033,False
1741805818482,82532.57,7e-05,False
1741805818482,82533.05,7e-05,False
1741805818482,82533.29,7e-05,False
1741805818482,82533.3,0.00362,False
1741805818482,82533.3,0.01532,False
1741805818494,82535.96,0.00357,True
1741805818802,82535.96,0.01398,True
1741805818802,82535.96,0.00017,True
1741805818802,82535.96,0.00066,True
1741805819062,82535.97,8e-05,False
1741805819062,82535.97,0.00012,False
1741805819142,82535.97,0.00026,False
1741805819524,82535.97,0.00178,False
1741805819846,82535.96,0.00045,True
1741805819885,82535.96,0.0003,True
1741805820025,82535.96,0.00303,True
1741805820042,82535.96,0.00016,True
1741805820044,82535.96,0.00016,True
1741805820046,82535.96,0.00016,True
1741805820047,82535.96,0.00016,True
1741805820054,82535.96,0.00016,True
1741805820055,82535.96,0.00016,True
1741805820058,82535.96,0.00016,True
1741805820062,82535.96,0.00016,True
1741805820063,82535.97,0.0002,False
1741805820064,82535.96,0.00016,True
1741805820068,82535.96,0.00016,True
1741805820071,82535.96,0.00016,True
1741805820077,82535.96,0.00016,True
1741805820077,82535.96,0.00016,True
1741805820077,82535.96,0.00016,True
1741805820080,82535.96,0.00016,True
1741805820083,82535.96,0.00016,True
1741805820083,82535.96,0.00016,True
1741805820091,82535.96,0.00016,True
1741805820091,82535.96,0.00016,True
1741805820092,82535.96,0.00016,True
1741805820093,82535.96,0.00016,True
1741805820095,82535.96,0.00016,True
1741805820095,82535.96,0.00016,True
1741805820100,82535.96,0.00016,True
1741805820100,82535.96,0.00016,True
1741805820101,82535.96,0.00016,True
1741805820101,82535.96,0.00016,True
1741805820103,82535.96,0.00016,True
1741805820105,82535.96,0.00016,True
1741805820106,82535.96,0.00016,True
1741805820112,82535.96,0.00016,True
1741805820112,82535.96,0.00016,True
1741805820117,82535.96,0.00016,True
1741805820119,82535.96,0.00016,True
1741805820120,82535.96,0.00016,True
1741805820121,82535.96,0.00016,True
1741805820124,82535.96,0.00016,True
1741805820125,82535.96,0.00016,True
1741805820126,82535.96,0.00016,True
1741805820126,82535.96,0.00016,True
1741805820128,82535.96,0.00016,True
1741805820131,82535.96,0.00016,True
1741805820131,82535.96,0.00016,True
1741805820132,82535.96,0.00016,True
1741805820136,82535.96,0.00016,True
1741805820138,82535.96,0.00016,True
1741805820138,82535.96,0.00016,True
1741805820139,82535.96,0.00016,True
1741805820140,82535.96,0.00016,True
1741805820142,82535.96,0.00016,True
1741805820146,82535.96,0.00016,True
1741805820148,82535.96,0.00016,True
1741805820150,82535.96,0.00016,True
1741805820150,82535.96,0.00016,True
1741805820151,82535.96,0.00016,True
1741805820151,82535.96,0.00016,True
1741805820459,82535.97,8e-05,False
1741805820880,82535.96,8e-05,True
1741805820880,82535.96,7e-05,True
1741805820880,82535.96,7e-05,True
1741805820880,82535.96,0.08565,True
1741805820880,82535.96,7e-05,True
1741805820880,82535.96,7e-05,True
1741805820880,82535.96,7e-05,True
1741805820880,82535.96,7e-05,True
1741805820880,82535.96,0.00014,True
1741805820880,82535.96,0.00018,True
1741805820880,82535.96,0.0001,True
1741805820880,82535.96,0.0922,True
1741805820882,82535.96,0.00014,True
1741805820882,82535.95,0.00014,True
1741805820882,82535.95,7e-05,True
1741805820882,82535.95,7e-05,True
1741805820882,82535.95,0.00013,True
1741805820882,82535.95,0.00013,True
1741805820882,82535.53,7e-05,True
1741805820882,82535.53,7e-05,True
1741805820882,82535.09,7e-05,True
1741805820882,82535.09,7e-05,True
1741805820882,82535.09,7e-05,True
1741805820882,82535.08,7e-05,True
1741805820882,82535.08,7e-05,True
1741805820882,82535.07,7e-05,True
1741805820882,82535.06,7e-05,True
1741805820891,82534.71,7e-05,True
1741805820891,82534.71,7e-05,True
1741805820891,82534.71,7e-05,True
1741805820891,82534.71,7e-05,True
1741805820891,82534.71,7e-05,True
1741805820891,82534.71,7e-05,True
1741805820891,82534.71,0.0001,True
1741805820891,82534.34,7e-05,True
1741805820891,82534.34,7e-05,True
1741805820891,82534.34,7e-05,True
1741805820891,82534.33,7e-05,True
1741805820891,82534.33,7e-05,True
1741805820920,82533.88,7e-05,True
1741805820920,82533.88,7e-05,True
1741805820920,82533.88,0.0001,True
1741805820920,82533.88,7e-05,True
1741805820920,82533.88,7e-05,True
1741805820920,82533.88,7e-05,True
1741805820939,82533.88,7e-05,True
1741805820939,82533.88,9e-05,True
1741805820948,82533.88,1e-05,True
1741805820948,82533.88,7e-05,True
1741805820948,82533.88,7e-05,True
1741805820948,82533.88,1e-05,True
1741805820951,82533.88,0.01813,True
1741805820954,82533.88,0.00016,True
1741805820956,82533.88,0.00016,True
1741805820956,82533.88,0.00016,True
1741805820957,82533.88,0.00016,True
1741805820957,82533.88,0.00016,True
1741805820961,82533.88,0.00016,True
1741805820968,82533.88,0.00016,True
1741805820969,82533.88,0.00016,True
1741805820972,82533.88,0.00016,True
1741805820974,82533.88,0.00016,True
1741805820976,82533.88,0.00016,True
1741805820977,82533.88,0.00016,True
1741805820988,82533.88,0.00016,True
1741805820988,82533.88,0.00016,True
1741805820989,82533.88,0.00016,True
1741805820991,82533.88,0.00016,True
1741805820991,82533.88,0.00016,True
1741805820992,82533.88,0.00016,True
1741805820992,82533.88,0.00016,True
1741805820993,82533.88,0.00016,True
1741805820993,82533.88,0.00016,True
1741805820993,82533.88,0.00016,True
1741805820994,82533.88,0.00016,True
1741805820997,82533.88,0.00016,True
1741805821000,82533.88,0.00016,True
1741805821003,82533.88,0.00016,True
1741805821003,82533.88,0.00016,True
1741805821006,82533.88,0.00016,True
1741805821007,82533.88,0.00016,True
1741805821012,82533.88,0.00016,True
1741805821012,82533.88,0.00016,True
1741805821013,82533.88,0.00016,True
1741805821015,82533.88,0.00016,True
1741805821015,82533.88,0.00016,True
1741805821020,82533.88,0.00016,True
1741805821021,82533.88,0.00016,True
1741805821021,82533.88,0.00016,True
1741805821022,82533.88,0.00016,True
1741805821025,82533.88,0.00016,True
1741805821026,82533.88,0.00016,True
1741805821026,82533.88,0.00016,True
1741805821027,82533.88,0.00016,True
1741805821027,82533.88,0.00016,True
1741805821049,82533.88,0.00016,True
1741805821052,82533.88,0.00016,True
1741805821054,82533.88,0.00016,True
1741805821055,82533.88,0.00016,True
1741805821056,82533.88,0.00016,True
1741805821056,82533.88,0.00016,True
1741805821057,82533.88,0.00016,True
1741805821059,82533.88,0.00016,True
1741805821061,82533.88,0.00016,True
1741805821061,82533.88,0.00016,True
1741805821062,82533.88,0.00016,True
1741805821062,82533.88,0.00016,True
1741805821063,82533.88,0.00016,True
1741805821066,82533.88,0.00016,True
1741805821068,82533.88,0.00016,True
1741805821072,82533.88,0.00016,True
1741805821076,82533.88,0.00016,True
1741805821080,82533.88,0.00016,True
1741805821081,82533.88,0.00016,True
1741805821085,82533.88,0.00016,True
1741805821087,82533.88,0.00016,True
1741805821089,82533.88,0.00016,True
1741805821089,82533.88,0.00016,True
1741805821090,82533.88,0.00016,True
1741805821092,82533.88,0.00016,True
1741805821093,82533.88,0.00016,True
1741805821093,82533.88,0.00016,True
1741805821097,82533.88,0.00016,True
1741805821097,82533.88,0.00016,True
1741805821098,82533.88,0.00016,True
1741805821099,82533.88,0.00016,True
1741805821100,82533.88,0.00016,True
1741805821100,82533.88,0.00016,True
1741805821102,82533.88,0.00016,True
1741805821104,82533.88,0.00016,True
1741805821105,82533.88,0.00016,True
1741805821105,82533.88,0.00016,True
1741805821114,82533.88,0.00016,True
1741805821114,82533.88,0.00016,True
1741805821116,82533.88,0.00016,True
1741805821117,82533.88,0.00016,True
1741805821118,82533.88,0.00016,True
1741805821121,82533.88,0.00016,True
1741805821123,82533.88,0.00016,True
1741805821124,82533.88,0.00016,True
1741805821125,82533.88,0.00016,True
1741805821125,82533.88,0.00016,True
1741805821127,82533.88,0.00016,True
1741805821127,82533.88,0.00016,True
1741805821130,82533.88,0.00016,True
1741805821131,82533.88,0.00016,True
1741805821132,82533.88,0.00016,True
1741805821132,82533.88,0.00016,True
1741805821134,82533.88,0.00016,True
1741805821134,82533.88,0.00016,True
1741805821134,82533.88,0.00016,True
1741805821134,82533.88,0.00016,True
1741805821135,82533.88,0.00016,True
1741805821135,82533.88,0.00016,True
1741805821135,82533.88,0.00016,True
1741805821143,82533.88,0.00016,True
1741805821147,82533.88,0.00016,True
1741805821149,82533.88,0.00016,True
1741805821150,82533.88,0.00016,True
1741805821151,82533.88,0.00016,True
1741805821158,82533.88,0.00016,True
1741805821158,82533.88,0.00016,True
1741805821160,82533.88,0.00016,True
1741805821160,82533.88,0.00016,True
1741805821161,82533.88,0.00016,True
1741805821162,82533.88,0.00016,True
1741805821162,82533.88,0.00016,True
1741805821163,82533.88,0.00016,True
1741805821164,82533.88,0.00016,True
1741805821166,82533.88,0.00016,True
1741805821167,82533.88,0.00016,True
1741805821168,82533.88,0.00016,True
1741805821169,82533.88,0.00016,True
1741805821169,82533.88,0.00016,True
1741805821170,82533.88,0.00016,True
1741805821171,82533.88,0.00016,True
1741805821172,82533.88,0.00016,True
1741805821174,82533.88,0.00014,True
1741805821175,82533.88,0.00016,True
1741805821177,82533.88,0.00016,True
1741805821177,82533.88,0.00016,True
1741805821181,82533.88,0.00016,True
1741805821185,82533.88,0.00016,True
1741805821185,82533.88,0.00016,True
1741805821189,82533.88,0.00016,True
1741805821194,82533.88,0.00016,True
1741805821195,82533.88,0.00016,True
1741805821196,82533.88,0.00016,True
1741805821197,82533.88,0.00016,True
1741805821197,82533.88,0.00016,True
1741805821198,82533.88,0.00016,True
1741805821199,82533.88,0.00016,True
1741805821201,82533.88,0.00016,True
1741805821202,82533.88,0.00016,True
1741805821202,82533.88,0.00016,True
1741805821203,82533.88,0.00016,True
1741805821203,82533.88,0.00016,True
1741805821204,82533.88,0.00016,True
1741805821205,82533.88,0.00016,True
1741805821205,82533.88,0.00016,True
1741805821206,82533.88,0.00016,True
1741805821207,82533.88,0.00016,True
1741805821327,82533.89,9e-05,False
1741805821566,82533.88,0.02445,True
1741805821566,82533.88,0.01389,True
1741805821901,82533.88,7e-05,True
1741805821901,82533.88,7e-05,True
1741805821901,82533.88,0.00301,True
1741805821901,82533.88,7e-05,True
1741805821901,82533.88,7e-05,True
1741805821901,82533.88,0.00085,True
1741805821912,82533.88,0.00016,True
1741805821919,82533.88,7e-05,True
1741805821919,82533.88,9e-05,True
1741805821933,82533.88,5e-05,True
1741805821933,82533.88,0.00011,True
1741805821941,82533.88,0.00016,True
1741805821943,82533.88,0.00016,True
1741805821943,82533.88,0.00016,True
1741805821944,82533.88,0.00016,True
1741805821944,82533.88,0.00016,True
1741805821949,82533.88,0.00016,True
1741805821950,82533.88,0.00016,True
1741805821953,82533.88,0.00016,True
1741805821957,82533.88,0.00016,True
1741805821964,82533.88,0.00016,True
1741805821967,82533.88,0.00016,True
1741805821968,82533.88,0.00016,True
1741805821969,82533.88,0.00016,True
1741805821969,82533.88,0.00016,True
1741805821973,82533.88,0.00016,True
1741805821973,82533.88,0.00016,True
1741805821974,82533.88,0.00016,True
1741805821975,82533.88,0.00016,True
1741805821977,82533.88,0.00016,True
1741805821978,82533.88,0.00016,True
1741805821978,82533.88,0.00016,True
1741805821981,82533.88,0.00016,True
1741805821982,82533.88,0.00016,True
1741805821987,82533.88,0.00016,True
1741805821988,82533.88,0.00016,True
1741805821988,82533.88,0.00016,True
1741805821989,82533.88,0.00016,True
1741805821991,82533.88,0.00016,True
1741805821991,82533.88,0.00016,True
1741805821993,82533.88,0.00016,True
1741805821996,82533.88,0.00016,True
1741805822001,82533.88,0.00016,True
1741805822002,82533.88,0.00016,True
1741805822002,82533.88,0.00016,True
1741805822004,82533.88,0.00016,True
1741805822008,82533.88,0.00016,True
1741805822008,82533.88,0.00016,True
1741805822009,82533.88,0.00016,True
1741805822009,82533.88,0.00016,True
1741805822010,82533.88,0.00016,True
1741805822010,82533.88,0.00016,True
1741805822010,82533.88,0.00016,True
1741805822010,82533.88,0.00016,True
1741805822012,82533.88,0.00016,True
1741805822018,82533.88,0.00016,True
1741805822019,82533.88,0.00016,True
1741805822020,82533.88,0.00016,True
1741805822021,82533.88,0.00016,True
1741805822021,82533.88,0.00016,True
1741805822023,82533.88,0.00016,True
1741805822024,82533.88,0.00016,True
1741805822027,82533.88,0.00016,True
1741805822029,82533.88,0.00016,True
1741805822738,82533.89,0.00086,False
1741805822770,82533.89,0.00325,False
1741805823219,82533.88,0.09142,True
1741805823219,82533.88,7e-05,True
1741805823219,82533.88,7e-05,True
1741805823219,82533.88,7e-05,True
1741805823219,82533.88,0.0028,True
1741805823219,82533.88,0.00013,True
1741805823219,82533.88,7e-05,True
1741805823219,82533.88,0.0206,True
1741805823219,82533.88,7e-05,True
1741805823219,82533.88,7e-05,True
1741805823219,82533.88,0.0304,True
1741805823219,82533.88,0.0001,True
1741805823219,82533.87,0.00014,True
1741805823219,82533.87,0.00013,True
1741805823219,82533.87,0.00014,True
1741805823219,82533.87,7e-05,True
1741805823219,82533.87,7e-05,True
1741805823219,82533.7,8e-05,True
1741805823219,82533.7,7e-05,True
1741805823219,82533.7,7e-05,True
1741805823219,82533.06,7e-05,True
1741805823219,82533.06,7e-05,True
1741805823219,82533.06,7e-05,True
1741805823219,82533.03,7e-05,True
1741805823219,82533.03,7e-05,True
1741805823219,82533.02,7e-05,True
1741805823219,82532.38,7e-05,True
1741805823219,82532.24,7e-05,True
1741805823219,82532.24,7e-05,True
1741805823219,82532.02,7e-05,True
1741805823219,82532.02,0.04408,True
1741805823219,82532.02,8e-05,True
1741805823219,82532.02,7e-05,True
1741805823219,82532.02,7e-05,True
1741805823219,82531.8,0.00075,True
1741805823219,82531.41,7e-05,True
1741805823219,82530.69,0.00296,True
1741805823219,82530.69,0.00915,True
1741805823219,82530.14,0.00011,True
1741805823219,82530.14,0.00011,True
1741805823219,82530.14,0.00011,True
1741805823219,82530.01,0.00011,True
1741805823219,82530.01,0.00012,True
1741805823219,82530.01,0.00011,True
1741805823219,82530.01,7e-05,True
1741805823219,82530.0,0.0696,True
1741805823219,82529.86,0.00506,True
1741805823219,82529.43,0.00502,True
1741805823219,82529.41,7e-05,True
1741805823219,82529.41,8e-05,True
1741805823219,82529.41,7e-05,True
1741805823219,82529.41,7e-05,True
1741805823219,82529.4,0.10041,True
1741805823219,82529.4,0.04463,True
1741805823301,82529.41,8e-05,False
1741805823973,82529.41,0.00014,False
1741805824344,82529.41,0.00985,False
1741805824345,82529.41,0.03982,False
1741805824345,82529.41,0.0001,False
1741805824345,82529.41,0.0001,False
1741805824345,82529.41,0.0001,False
1741805824345,82529.41,7e-05,False
1741805824345,82529.41,7e-05,False
1741805824345,82529.41,7e-05,False
1741805824345,82529.41,7e-05,False
1741805824345,82529.41,7e-05,False
1741805824345,82529.41,7e-05,False
1741805824345,82529.41,7e-05,False
1741805824345,82529.41,7e-05,False
1741805824345,82529.41,7e-05,False
1741805824345,82529.41,7e-05,False
1741805824345,82529.41,7e-05,False
1741805824345,82529.41,7e-05,False
1741805824345,82529.41,0.0001,False
1741805824345,82529.41,7e-05,False
1741805824345,82529.41,7e-05,False
1741805824345,82529.41,7e-05,False
1741805824345,82529.41,7e-05,False
1741805824345,82529.41,7e-05,False
1741805824345,82529.41,7e-05,False
1741805824345,82529.41,7e-05,False
1741805824345,82529.41,7e-05,False
1741805824345,82529.41,7e-05,False
1741805824345,82529.41,7e-05,False
1741805824345,82529.41,7e-05,False
1741805824345,82529.41,0.00014,False
1741805824345,82529.41,0.02611,False
1741805824345,82529.41,0.0193,False
1741805824345,82529.41,0.00874,False
1741805824346,82529.41,0.05585,False
1741805824346,82529.41,0.09383,False
1741805824346,82529.41,0.00617,False
1741805824346,82529.41,0.0001,False
1741805824346,82529.41,0.0001,False
1741805824346,82529.41,0.0001,False
1741805824346,82529.41,0.0001,False
1741805824346,82529.41,0.0001,False
1741805824346,82529.41,0.00038,False
1741805824346,82529.41,0.0001,False
1741805824346,82529.41,0.00481,False
1741805824346,82529.41,0.01492,False
1741805824346,82529.41,0.00996,False
1741805824346,82529.41,0.01167,False
1741805824347,82529.41,0.01157,False
1741805824349,82529.42,0.00058,False
1741805824349,82529.42,7e-05,False
1741805824349,82529.42,7e-05,False
1741805824349,82529.42,0.00013,False
1741805824349,82529.42,0.00013,False
1741805824349,82529.42,0.00013,False
1741805824349,82529.42,0.0001,False
1741805824351,82529.74,7e-05,False
1741805824351,82529.74,7e-05,False
1741805824351,82529.75,7e-05,False
1741805824351,82529.75,7e-05,False
1741805824354,82529.76,7e-05,False
1741805824354,82529.76,7e-05,False
1741805824393,82530.0,7e-05,False
1741805824393,82530.0,7e-05,False
1741805824393,82530.0,7e-05,False
1741805824393,82530.0,7e-05,False
1741805824393,82530.0,7e-05,False
1741805824393,82530.0,7e-05,False
1741805824393,82530.0,0.00058,False
1741805824393,82530.0,0.0001,False
1741805824393,82530.01,0.00056,False
1741805824393,82530.01,7e-05,False
1741805824393,82530.01,7e-05,False
1741805824393,82530.58,7e-05,False
1741805824393,82530.58,7e-05,False
1741805824393,82530.58,7e-05,False
1741805824393,82530.73,7e-05,False
1741805824393,82530.73,7e-05,False
1741805824393,82531.51,7e-05,False
1741805824393,82531.51,7e-05,False
1741805824393,82531.52,7e-05,False
1741805824393,82532.23,7e-05,False
1741805824393,82533.37,7e-05,False
1741805824525,82533.4,0.00013,False
1741805824684,82533.4,0.00015,False
1741805824684,82533.4,0.00015,False
1741805824684,82533.4,7e-05,False
1741805824684,82533.4,7e-05,False
1741805824684,82533.4,7e-05,False
1741805824684,82533.4,7e-05,False
1741805824684,82533.4,0.00054,False
1741805824684,82533.4,7e-05,False
1741805824684,82533.4,7e-05,False
1741805824684,82533.4,0.00014,False
1741805824684,82533.4,0.00303,False
1741805824684,82533.4,0.00101,False
1741805824684,82533.4,0.0001,False
1741805824684,82533.4,0.0001,False
1741805824684,82533.4,0.0001,False
1741805824684,82533.4,0.0001,False
1741805824684,82533.41,0.00013,False
1741805824684,82533.41,0.00056,False
1741805824684,82533.41,8e-05,False
1741805824684,82533.41,7e-05,False
1741805824684,82533.41,7e-05,False
1741805824684,82533.41,0.00013,False
1741805824684,82533.41,0.00014,False
1741805824684,82533.89,9e-05,False
1741805824684,82533.89,7e-05,False
1741805824684,82533.89,7e-05,False
1741805824684,82533.9,0.003,False
1741805824684,82533.9,7e-05,False
1741805824684,82533.9,7e-05,False
1741805824684,82534.11,7e-05,False
1741805824684,82534.11,7e-05,False
1741805824684,82534.49,7e-05,False
1741805824684,82534.5,7e-05,False
1741805824684,82534.5,0.01493,False
1741805824684,82534.7,7e-05,False
1741805824684,82534.83,8e-05,False
1741805824684,82534.92,7e-05,False
1741805824796,82534.92,0.0055,True
1741805825082,82534.93,0.0002,False
1741805825511,82534.93,7e-05,False
1741805825511,82534.93,7e-05,False
1741805825511,82534.93,7e-05,False
1741805825511,82534.93,7e-05,False
1741805825511,82534.93,7e-05,False
1741805825511,82534.93,7e-05,False
1741805825511,82534.93,0.0001,False
1741805825511,82534.93,0.00013,False
1741805825511,82534.93,0.00746,False
1741805825511,82534.93,0.0001,False
1741805825511,82534.93,0.00082,False
1741805825511,82534.93,0.0169,False
1741805825511,82534.93,0.0206,False
1741805825511,82534.93,0.04026,False
1741805825570,82534.93,0.0001,False
1741805825570,82534.93,7e-05,False
1741805825570,82534.93,7e-05,False
1741805825570,82534.93,7e-05,False
1741805825570,82534.93,7e-05,False
1741805825570,82534.93,7e-05,False
1741805825570,82534.93,7e-05,False
1741805825570,82534.93,0.0001,False
1741805825570,82534.93,0.0001,False
1741805825570,82534.93,0.00055,False
1741805825570,82534.93,0.00107,False
1741805825570,82534.94,8e-05,False
1741805825570,82534.94,0.00052,False
1741805825570,82534.94,0.00013,False
1741805825570,82534.94,0.00014,False
1741805825570,82534.94,7e-05,False
1741805825570,82534.94,7e-05,False
1741805825570,82534.94,0.00014,False
1741805825570,82535.0,7e-05,False
1741805825570,82535.0,7e-05,False
1741805825570,82535.01,7e-05,False
1741805825570,82535.01,7e-05,False
1741805825570,82535.6,7e-05,False
1741805825570,82535.6,7e-05,False
1741805825570,82535.6,0.00013,False
1741805825570,82535.6,0.00011,False
1741805825570,82535.6,0.00011,False
1741805825570,82535.61,7e-05,False
1741805825570,82535.64,7e-05,False
1741805825570,82535.97,0.00024,False
1741805825570,82535.97,7e-05,False
1741805825571,82536.03,7e-05,False
1741805825571,82536.42,9e-05,False
1741805825571,82536.66,8e-05,False
1741805825571,82536.78,0.00238,False
1741805825571,82537.55,0.0003,False
1741805825571,82537.63,0.01093,False
1741805825571,82537.98,0.00013,False
1741805825571,82538.19,8e-05,False
1741805825571,82538.93,7e-05,False
1741805825571,82538.94,0.10888,False
1741805825571,82539.62,0.02462,False
1741805825571,82539.62,0.00697,False
1741805825571,82539.7,0.00022,False
1741805825571,82539.73,0.00506,False
1741805825571,82539.9,8e-05,False
1741805825571,82540.15,7e-05,False
1741805825571,82540.16,0.05276,False
1741805825571,82540.16,0.01222,False
1741805825572,82540.16,0.01511,False
1741805825573,82541.31,0.00022,False
1741805825573,82541.65,0.00019,False
1741805825573,82541.66,0.0006,False
1741805825573,82541.85,0.00013,False
1741805825573,82541.89,0.001,False
1741805825573,82542.16,0.12117,False
1741805825573,82542.18,0.00013,False
1741805825573,82542.99,7e-05,False
1741805825573,82543.0,0.0013,False
1741805825617,82543.5,7e-05,False
1741805825617,82543.5,7e-05,False
1741805825617,82543.5,0.0001,False
1741805825617,82543.5,7e-05,False
1741805825617,82543.5,7e-05,False
1741805825617,82543.5,7e-05,False
1741805825617,82543.5,7e-05,False
1741805825617,82543.5,7e-05,False
1741805825617,82543.5,0.00051,False
1741805825617,82543.5,0.00027,False
1741805825617,82543.5,0.00128,False
1741805825617,82543.51,0.00056,False
1741805825617,82543.51,0.00043,False
1741805825617,82543.51,0.00013,False
1741805825617,82543.51,7e-05,False
1741805825617,82543.51,7e-05,False
1741805825617,82543.62,0.0004,False
1741805825617,82543.62,0.0004,False
1741805825617,82543.62,0.0004,False
1741805825617,82543.62,7e-05,False
1741805825617,82543.62,7e-05,False
1741805825617,82543.89,7e-05,False
1741805825617,82543.89,7e-05,False
1741805825617,82543.9,7e-05,False
1741805825617,82543.9,7e-05,False
1741805825617,82544.01,0.003,False
1741805825617,82544.01,7e-05,False
1741805825617,82544.57,0.00013,False
1741805825617,82544.57,7e-05,False
1741805825617,82544.76,7e-05,False
1741805825617,82544.82,7e-05,False
1741805825625,82544.98,7e-05,False
1741805825625,82545.99,0.00012,False
1741805825625,82546.0,7e-05,False
1741805825625,82546.44,7e-05,False
1741805825625,82546.44,0.00015,False
1741805825625,82546.44,0.00015,False
1741805825625,82546.44,0.00015,False
1741805825625,82546.45,0.0055,False
1741805825625,82546.53,7e-05,False
1741805825625,82546.54,0.02396,False
1741805825630,82546.54,0.00634,False
1741805825630,82546.54,7e-05,False
1741805825630,82546.54,0.0001,False
1741805825630,82546.54,7e-05,False
1741805825630,82546.54,7e-05,False
1741805825630,82546.54,7e-05,False
1741805825630,82546.54,7e-05,False
1741805825630,82546.54,7e-05,False
1741805825630,82546.54,0.0007,False
1741805825630,82546.81,0.00033,False
1741805825635,82546.82,0.00238,False
1741805825635,82546.82,7e-05,False
1741805825635,82546.82,7e-05,False
1741805825635,82546.82,7e-05,False
1741805825635,82546.82,7e-05,False
1741805825635,82546.82,0.0001,False
1741805825635,82546.82,7e-05,False
1741805825635,82546.82,7e-05,False
1741805825635,82546.82,0.0047,False
1741805825649,82546.82,0.00053,False
1741805825649,82546.82,0.0001,False
1741805825649,82546.82,7e-05,False
1741805825649,82546.82,7e-05,False
1741805825649,82546.82,7e-05,False
1741805825649,82546.82,7e-05,False
1741805825649,82546.82,7e-05,False
1741805825649,82546.82,7e-05,False
1741805825649,82546.82,7e-05,False
1741805825649,82546.82,7e-05,False
1741805825649,82546.83,0.00054,False
1741805825649,82546.83,7e-05,False
1741805825649,82546.83,7e-05,False
1741805825649,82547.17,0.00013,False
1741805825649,82547.17,7e-05,False
1741805825649,82547.17,7e-05,False
1741805825649,82547.63,7e-05,False
1741805825649,82547.63,7e-05,False
1741805825649,82547.63,7e-05,False
1741805825649,82547.64,0.02,False
1741805825649,82547.64,0.00899,False
1741805825649,82547.64,0.01197,False
1741805825649,82547.64,0.00527,False
1741805825649,82547.64,0.03161,False
1741805825649,82547.64,0.02216,False
1741805825649,82547.64,0.04,False
1741805825649,82547.64,7e-05,False
1741805825649,82547.64,7e-05,False
1741805825652,82548.48,0.00027,False
1741805825652,82548.48,7e-05,False
1741805825652,82548.48,7e-05,False
1741805825652,82549.06,7e-05,False
1741805825652,82549.07,0.00502,False
1741805825652,82549.07,7e-05,False
1741805825652,82549.07,7e-05,False
1741805825652,82549.53,7e-05,False
1741805825652,82549.53,7e-05,False
1741805825714,82549.59,7e-05,False
1741805825714,82549.59,7e-05,False
1741805825714,82549.59,7e-05,False
1741805825714,82549.59,7e-05,False
1741805825714,82549.59,0.00015,False
1741805825714,82549.59,0.00015,False
1741805825714,82549.59,0.00018,False
1741805825714,82549.59,0.00015,False
1741805825714,82549.59,0.00053,False
1741805825714,82549.59,0.0001,False
1741805825714,82549.59,7e-05,False
1741805825714,82549.59,0.02,False
1741805825714,82549.59,0.16,False
1741805825714,82549.59,0.00154,False
1741805825714,82549.59,0.09933,False
1741805825714,82549.59,0.54067,False
1741805825714,82549.59,0.0809,False
1741805825714,82549.59,7e-05,False
1741805825714,82549.59,0.08009,False
1741805825714,82549.59,7e-05,False
1741805825714,82549.6,7e-05,False
1741805825714,82549.6,7e-05,False
1741805825714,82549.6,0.00054,False
1741805825714,82549.6,0.00013,False
1741805825714,82549.6,0.00014,False
1741805825714,82549.84,8e-05,False
1741805825714,82549.84,7e-05,False
1741805825714,82549.84,7e-05,False
1741805825714,82550.12,7e-05,False
1741805825714,82550.12,7e-05,False
1741805825714,82550.12,7e-05,False
1741805825714,82550.13,0.05132,False
1741805825714,82550.13,7e-05,False
1741805825714,82550.13,7e-05,False
1741805825714,82550.34,7e-05,False
1741805825714,82550.34,7e-05,False
1741805825714,82550.39,7e-05,False
1741805825714,82551.53,0.00014,False
1741805825714,82551.53,7e-05,False
1741805825714,82552.24,8e-05,False
1741805825714,82552.25,0.00077,False
1741805825715,82553.53,0.00032,False
1741805825715,82553.58,0.0009,False
1741805825715,82554.04,0.06012,False
1741805825715,82554.07,0.00013,False
1741805825715,82554.32,7e-05,False
1741805825715,82554.32,8e-05,False
1741805825715,82554.33,0.16,False
1741805825715,82554.54,7e-05,False
1741805825715,82554.57,0.00013,False
1741805825715,82555.31,0.00504,False
1741805825715,82556.86,0.00238,False
1741805825715,82559.01,7e-05,False
1741805825715,82559.02,0.31135,False
1741805825715,82559.02,0.18324,False
1741805825715,82559.02,0.01669,False
1741805825715,82559.02,0.08981,False
1741805825716,82559.02,0.01427,False
1741805825716,82559.02,0.02377,False
1741805825716,82559.02,0.00862,False
1741805825716,82559.02,0.00992,False
1741805825716,82559.02,0.0598,False
1741805825716,82559.02,0.00905,False
1741805825716,82559.02,0.02629,False
1741805825716,82559.44,0.00013,False
1741805825716,82560.01,0.0006,False
1741805825716,82560.1,7e-05,False
1741805825716,82560.73,8e-05,False
1741805825716,82561.2,0.0001,False
1741805825716,82561.96,0.01211,False
1741805825717,82563.2,0.05945,False
1741805825717,82563.2,0.06436,False
1741805825718,82560.1,0.02384,False
1741805825718,82561.46,7e-05,False
1741805825718,82563.19,7e-05,False
1741805825718,82563.2,0.14289,False
1741805825718,82564.25,7e-05,False
1741805825718,82564.8,0.00013,False
1741805825718,82565.48,0.00183,False
1741805825718,82565.53,0.00013,False
1741805825718,82566.96,0.00013,False
1741805825718,82566.99,0.00682,False
1741805825718,82566.99,0.32921,False
1741805825718,82566.99,0.11386,False
1741805825721,82566.99,0.01782,False
1741805825721,82567.03,0.00189,False
1741805825721,82567.67,0.0137,False
1741805825721,82567.67,0.00124,False
1741805825721,82567.75,0.0003,False
1741805825721,82567.93,0.11637,False
1741805825721,82568.06,0.04,False
1741805825721,82568.37,0.00013,False
1741805825721,82568.4,7e-05,False
1741805825721,82569.42,0.0001,False
1741805825721,82570.17,0.00013,False
1741805825721,82570.95,0.001,False
1741805825721,82571.19,0.05216,False
1741805825723,82571.19,7e-05,False
1741805825723,82571.19,0.15802,False
1741805825727,82571.19,0.10579,False
1741805825728,82571.19,0.0303,False
1741805825732,82571.19,0.08793,False
1741805825734,82571.19,0.00582,False
1741805825734,82571.19,0.20279,False
1741805825736,82571.19,0.38797,False
1741805825736,82571.19,0.0965,False
1741805825736,82571.33,0.00051,False
1741805825736,82572.0,0.0001,False
1741805825736,82572.1,7e-05,False
1741805825736,82572.12,7e-05,False
1741805825736,82572.13,0.00726,False
1741805825736,82572.36,0.04,False
1741805825736,82572.55,7e-05,False
1741805825736,82572.84,0.001,False
1741805825736,82573.54,7e-05,False
1741805825736,82574.02,7e-05,False
1741805825736,82574.03,0.72639,False
1741805825736,82574.27,0.01211,False
1741805825736,82574.02,0.0006,True
1741805825741,82575.37,0.00013,False
1741805825741,82575.54,0.00013,False
1741805825741,82575.87,0.25144,False
1741805825741,82575.98,0.02461,False
1741805825742,82575.98,0.13351,False
1741805825743,82575.98,0.005,False
1741805825744,82575.98,0.01,False
1741805825747,82575.86,0.00016,False
1741805825747,82575.98,0.00484,False
1741805825749,82575.98,0.01,False
1741805825754,82575.98,7e-05,False
1741805825758,82575.98,0.16,False
1741805825759,82575.98,0.02908,False
1741805825760,82575.98,0.00121,False
1741805825760,82575.98,0.04,False
1741805825760,82575.98,0.08,False
1741805825763,82575.98,0.08,False
1741805825764,82575.98,0.16,False
1741805825764,82575.98,0.04,False
1741805825775,82575.98,0.6007,False
1741805825775,82576.0,0.0001,False
1741805825775,82576.4,0.00113,False
1741805825775,82576.43,7e-05,False
1741805825775,82577.64,0.0001,False
1741805825775,82579.34,0.00035,False
1741805825775,82579.35,0.00013,False
1741805825775,82579.86,7e-05,False
1741805825775,82579.87,0.16638,False
1741805825775,82580.0,0.0001,False
1741805825775,82580.19,0.012,False
1741805825775,82580.58,7e-05,False
1741805825775,82580.59,0.05882,False
1741805825775,82580.91,0.00013,False
1741805825775,82583.28,0.00103,False
1741805825777,82580.58,0.00016,True
1741805825787,82583.84,0.00016,True
1741805825794,82583.84,0.0065,True
1741805825795,82584.0,0.0001,False
1741805825795,82584.53,0.00013,False
1741805825795,82585.59,0.01977,False
1741805825802,82585.58,7e-05,False
1741805825802,82585.59,0.00993,False
1741805825802,82585.58,0.00016,True
1741805825806,82585.58,0.00171,True
1741805825807,82585.58,0.00016,True
1741805825823,82585.58,0.00016,True
1741805825831,82585.58,0.00016,True
1741805825852,82585.58,9e-05,True
1741805825888,82585.59,0.02415,False
1741805825900,82585.59,0.02416,False
1741805825911,82585.59,0.02417,False
1741805825919,82585.59,0.02418,False
1741805825929,82585.59,0.02418,False
1741805825959,82585.59,0.0242,False
1741805826054,82585.58,0.00293,True
1741805826095,82585.58,0.00229,True
1741805826095,82585.58,0.12043,True
1741805826095,82585.58,0.00014,True
1741805826095,82585.58,0.0002,True
1741805826095,82585.58,7e-05,True
1741805826095,82585.58,7e-05,True
1741805826095,82585.58,7e-05,True
1741805826095,82585.58,0.0002,True
1741805826095,82585.58,7e-05,True
1741805826095,82585.58,7e-05,True
1741805826095,82585.58,7e-05,True
1741805826095,82585.58,0.0001,True
1741805826095,82585.58,0.00233,True
1741805826095,82585.58,0.00296,True
1741805826095,82585.58,0.0001,True
1741805826095,82585.58,0.12449,True
1741805826095,82585.57,0.00014,True
1741805826095,82585.57,0.00014,True
1741805826095,82585.57,7e-05,True
1741805826095,82585.57,7e-05,True
1741805826095,82585.57,0.00013,True
1741805826095,82585.56,7e-05,True
1741805826095,82585.56,7e-05,True
1741805826101,82583.95,7e-05,True
1741805826101,82583.95,7e-05,True
1741805826101,82583.95,0.0001,True
1741805826101,82583.95,0.00052,True
1741805826104,82582.02,0.0002,False
1741805826104,82582.01,7e-05,True
1741805826104,82582.01,7e-05,True
1741805826349,82582.0,0.00636,True
1741805826365,82582.0,0.01785,True
1741805826365,82582.0,0.00013,True
1741805826365,82582.0,0.0001,True
1741805826365,82581.99,8e-05,True
1741805826365,82581.99,0.00014,True
1741805826365,82581.99,0.00014,True
1741805826365,82581.99,0.00013,True
1741805826365,82580.16,7e-05,True
1741805826365,82580.15,0.07519,True
1741805826570,82580.16,0.00056,False
1741805826681,82580.16,0.0001,False
1741805826681,82580.16,0.0001,False
1741805826681,82580.16,7e-05,False
1741805826681,82580.16,7e-05,False
1741805826681,82580.16,7e-05,False
1741805826681,82580.16,0.00014,False
1741805826681,82580.16,0.0001,False
1741805826681,82580.16,0.0001,False
1741805826681,82580.16,7e-05,False
1741805826681,82580.16,0.0001,False
1741805826681,82580.16,7e-05,False
1741805826681,82580.16,7e-05,False
1741805826681,82580.16,7e-05,False
1741805826681,82580.16,0.0001,False
1741805826681,82580.16,0.0001,False
1741805826681,82580.17,0.00014,False
1741805826681,82580.17,0.00013,False
1741805826681,82580.17,0.00013,False
1741805826681,82580.17,7e-05,False
1741805826681,82580.43,7e-05,False
1741805826681,82580.43,7e-05,False
1741805826681,82580.43,0.00172,False
1741805826681,82580.44,0.00155,False
1741805826681,82580.44,0.00204,False
1741805826681,82580.44,0.00155,False
1741805826681,82580.44,0.00155,False
1741805826715,82582.61,7e-05,False
1741805826715,82582.61,0.0169,False
