timestamp,price,volume,is_ask
1741637245860,78834.0,0.00281,False
1741637246216,78834.0,0.001,False
1741637246216,78834.0,7e-05,False
1741637246216,78834.0,0.0001,False
1741637246216,78834.0,0.00041,False
1741637246216,78834.0,0.00014,False
1741637246216,78834.0,0.0001,False
1741637246216,78834.0,0.0001,False
1741637246216,78834.0,0.00014,False
1741637246216,78834.01,0.00014,False
1741637246216,78834.01,0.00014,False
1741637246216,78834.01,0.00014,False
1741637246216,78834.01,0.00013,False
1741637246216,78834.01,0.0012,False
1741637246216,78834.14,7e-05,False
1741637246216,78834.94,0.00025,False
1741637246216,78834.94,0.00025,False
1741637246216,78834.94,0.00025,False
1741637246216,78834.96,7e-05,False
1741637246271,78834.97,0.00035,False
1741637246271,78834.97,0.00013,False
1741637246271,78834.97,0.0001,False
1741637246271,78834.97,0.0001,False
1741637246271,78834.97,0.0001,False
1741637246271,78835.72,7e-05,False
1741637246271,78837.96,0.00015,False
1741637246271,78837.96,0.00015,False
1741637246271,78837.96,0.00015,False
1741637246271,78837.99,7e-05,False
1741637246271,78838.0,0.0223,False
1741637246333,78839.47,0.01975,True
1741637246333,78839.47,0.17115,True
1741637246333,78839.47,0.06659,True
1741637246333,78839.47,0.0392,True
1741637246333,78839.47,0.04308,True
1741637246333,78839.47,0.45,True
1741637246333,78839.47,7e-05,True
1741637246333,78839.47,7e-05,True
1741637246333,78839.47,0.0001,True
1741637246333,78839.47,7e-05,True
1741637246333,78839.47,7e-05,True
1741637246333,78839.47,7e-05,True
1741637246333,78839.47,7e-05,True
1741637246333,78839.47,0.05855,True
1741637246333,78839.47,0.0001,True
1741637246333,78839.47,7e-05,True
1741637246333,78839.47,7e-05,True
1741637246333,78839.47,7e-05,True
1741637246333,78839.47,7e-05,True
1741637246333,78839.47,7e-05,True
1741637246333,78839.47,0.02583,True
1741637246333,78839.47,7e-05,True
1741637246333,78839.47,7e-05,True
1741637246333,78839.47,0.1,True
1741637246333,78839.47,0.18414,True
1741637246333,78839.47,0.0001,True
1741637246333,78839.47,7e-05,True
1741637246333,78839.47,7e-05,True
1741637246333,78839.47,0.00206,True
1741637246333,78839.45,7e-05,True
1741637246333,78839.44,7e-05,True
1741637246333,78839.44,7e-05,True
1741637246333,78839.04,7e-05,True
1741637246333,78839.04,7e-05,True
1741637246333,78839.03,7e-05,True
1741637246333,78839.03,7e-05,True
1741637246333,78838.9,7e-05,True
1741637246333,78838.9,7e-05,True
1741637246333,78838.89,7e-05,True
1741637246333,78838.89,7e-05,True
1741637246333,78838.88,0.45,True
1741637246333,78838.88,0.0001,True
1741637246333,78838.88,7e-05,True
1741637246333,78838.88,7e-05,True
1741637246333,78838.88,8e-05,True
1741637246333,78838.88,7e-05,True
1741637246333,78838.88,7e-05,True
1741637246333,78838.88,7e-05,True
1741637246333,78838.88,7e-05,True
1741637246333,78838.88,7e-05,True
1741637246333,78838.88,7e-05,True
1741637246333,78838.84,7e-05,True
1741637246333,78838.41,7e-05,True
1741637246333,78838.41,7e-05,True
1741637246333,78838.41,7e-05,True
1741637246333,78838.41,7e-05,True
1741637246333,78838.41,7e-05,True
1741637246333,78838.0,7e-05,True
1741637246334,78835.42,0.00012,True
1741637246334,78835.42,0.00012,True
1741637246334,78835.42,0.00012,True
1741637246334,78834.96,0.00014,True
1741637246334,78833.99,0.0377,True
1741637246334,78833.99,0.00171,True
1741637246334,78833.99,0.00101,True
1741637246334,78833.99,0.00303,True
1741637246334,78833.98,0.00014,True
1741637246334,78833.98,0.00014,True
1741637246334,78833.98,0.00014,True
1741637246334,78833.09,0.02063,True
1741637246334,78833.09,0.03119,True
1741637246334,78829.6,0.00013,True
1741637246334,78828.88,0.001,True
1741637246334,78828.66,0.00503,True
1741637246334,78828.25,8e-05,True
1741637246334,78827.26,0.00376,True
1741637246334,78827.26,0.00126,True
1741637246334,78827.14,0.06374,True
1741637246336,78827.14,0.005,True
1741637246886,78828.01,7e-05,False
1741637247173,78828.01,0.00768,False
1741637247442,78828.0,7e-05,True
1741637247442,78828.0,7e-05,True
1741637247442,78828.0,7e-05,True
1741637247442,78828.0,7e-05,True
1741637247442,78828.0,0.00014,True
1741637247442,78828.0,7e-05,True
1741637247442,78828.0,7e-05,True
1741637247442,78828.0,0.0001,True
1741637247442,78827.99,0.00029,True
1741637247442,78827.99,0.00014,True
1741637247442,78827.99,0.00013,True
1741637247442,78827.99,0.00013,True
1741637247442,78827.99,7e-05,True
1741637247442,78827.99,7e-05,True
1741637247442,78827.86,7e-05,True
1741637247442,78827.86,7e-05,True
1741637247442,78827.81,7e-05,True
1741637247442,78827.81,7e-05,True
1741637247442,78827.56,7e-05,True
1741637247442,78827.56,7e-05,True
1741637247442,78827.55,7e-05,True
1741637247443,78827.3,7e-05,True
1741637247443,78827.29,7e-05,True
1741637247444,78827.15,0.00041,True
1741637247444,78827.15,0.00041,True
1741637247444,78827.15,0.00041,True
1741637247475,78824.8,7e-05,True
1741637247475,78824.8,7e-05,True
1741637247475,78824.8,7e-05,True
1741637247475,78824.8,7e-05,True
1741637247475,78824.8,7e-05,True
1741637247475,78824.8,0.00016,True
1741637247475,78824.8,7e-05,True
1741637247475,78824.8,7e-05,True
1741637247475,78824.8,0.0001,True
1741637247475,78824.8,0.0001,True
1741637247475,78824.8,0.0001,True
1741637247475,78824.8,0.00014,True
1741637247475,78824.79,0.0072,True
1741637247475,78824.79,7e-05,True
1741637247475,78824.79,7e-05,True
1741637247475,78824.65,7e-05,True
1741637247475,78824.65,7e-05,True
1741637247475,78824.02,0.00016,True
1741637247475,78824.02,0.00014,True
1741637247475,78824.02,0.00016,True
1741637247475,78824.02,0.00016,True
1741637247475,78824.02,7e-05,True
1741637247475,78824.02,7e-05,True
1741637247475,78824.01,8e-05,True
1741637247475,78824.01,8e-05,True
1741637247475,78824.01,7e-05,True
1741637247475,78824.01,7e-05,True
1741637247475,78823.85,7e-05,True
1741637247475,78823.85,7e-05,True
1741637247475,78823.3,7e-05,True
1741637247475,78823.29,7e-05,True
1741637247475,78823.06,7e-05,True
1741637247475,78822.42,0.0001,True
1741637247475,78822.01,7e-05,True
1741637247475,78822.0,0.0223,True
1741637247475,78821.49,9e-05,True
1741637247475,78821.39,8e-05,True
1741637247475,78821.25,0.00026,True
1741637247475,78820.47,8e-05,True
1741637247475,78820.47,9e-05,True
1741637247475,78820.47,9e-05,True
1741637247502,78820.01,7e-05,True
1741637247502,78820.01,7e-05,True
1741637247502,78820.01,7e-05,True
1741637247502,78820.01,7e-05,True
1741637247502,78820.01,7e-05,True
1741637247502,78820.01,7e-05,True
1741637247502,78820.01,7e-05,True
1741637247502,78820.01,0.0001,True
1741637247502,78820.01,0.0001,True
1741637247502,78820.01,0.0001,True
1741637247502,78820.0,0.00024,True
1741637247502,78820.0,7e-05,True
1741637247502,78820.0,7e-05,True
1741637247502,78819.92,0.00027,True
1741637247502,78819.92,7e-05,True
1741637247502,78819.92,7e-05,True
1741637247502,78819.91,0.00012,True
1741637247502,78819.91,0.0001,True
1741637247502,78819.91,0.0001,True
1741637247502,78819.91,7e-05,True
1741637247502,78819.91,0.0002,True
1741637247502,78819.91,0.0002,True
1741637247502,78819.91,7e-05,True
1741637247502,78819.91,7e-05,True
1741637247502,78819.91,0.0002,True
1741637247792,78819.9,0.0002,True
1741637248076,78819.91,0.00013,False
1741637248161,78819.91,0.00044,False
1741637248185,78819.91,0.00151,False
1741637248415,78819.91,0.00084,False
1741637248415,78819.91,0.00013,False
1741637248415,78819.91,0.0001,False
1741637248415,78819.91,0.00058,False
1741637248415,78819.92,0.00014,False
1741637248415,78819.92,0.00013,False
1741637248415,78819.92,0.00013,False
1741637248415,78819.93,0.00057,False
1741637248415,78820.31,0.00021,False
1741637248415,78820.68,7e-05,False
1741637248415,78822.9,0.00014,False
1741637248415,78822.9,0.00014,False
1741637248415,78822.9,0.00014,False
1741637248415,78823.05,7e-05,False
1741637248415,78823.99,7e-05,False
1741637248415,78824.0,0.0223,False
1741637248415,78825.91,7e-05,False
1741637248474,78825.91,0.00011,True
1741637248483,78825.91,0.00417,True
1741637249466,78825.92,0.00043,False
1741637249705,78825.91,0.00125,True
1741637249705,78825.91,0.03848,True
1741637249900,78825.92,0.00032,False
1741637250184,78825.91,0.01026,True
1741637250416,78825.91,0.02952,True
1741637250416,78825.91,7e-05,True
1741637250416,78825.91,7e-05,True
1741637250416,78825.91,7e-05,True
1741637250416,78825.91,0.00014,True
1741637250416,78825.91,0.01013,True
1741637250547,78825.92,0.00015,False
1741637250547,78825.92,0.00014,False
1741637250547,78825.92,0.00101,False
1741637250547,78825.92,0.00303,False
1741637250547,78825.92,0.00011,False
1741637250547,78825.92,0.01044,False
1741637250547,78825.92,0.0015,False
1741637250547,78825.92,0.0001,False
1741637250547,78825.93,0.00029,False
1741637250547,78825.93,0.00013,False
1741637250547,78825.93,0.00014,False
1741637250547,78825.93,0.00014,False
1741637250547,78825.93,0.00058,False
1741637250547,78825.99,0.00015,False
1741637250547,78825.99,0.00015,False
1741637250547,78825.99,0.00015,False
1741637250549,78826.65,0.00076,False
1741637250589,78826.99,0.0001,False
1741637250589,78826.99,0.00019,False
1741637250589,78826.99,0.00053,False
1741637250589,78827.0,0.00055,False
1741637250589,78827.77,9e-05,False
1741637250589,78827.78,9e-05,False
1741637250589,78827.78,9e-05,False
1741637250589,78827.78,9e-05,False
1741637250589,78827.79,7e-05,False
1741637250589,78827.8,0.003,False
1741637250589,78827.8,7e-05,False
1741637250589,78828.59,7e-05,False
1741637250589,78829.59,0.00013,False
1741637250589,78830.97,7e-05,False
1741637250589,78831.99,7e-05,False
1741637250589,78832.0,0.00083,False
1741637250589,78832.0,0.00041,False
1741637250589,78831.99,0.0002,True
1741637250589,78831.99,0.0009,True
1741637250885,78832.0,0.00146,False
1741637251322,78832.0,0.00021,False
1741637251322,78832.0,0.00013,False
1741637251322,78832.0,0.0001,False
1741637251322,78832.0,0.00016,False
1741637251322,78832.0,0.0001,False
1741637251322,78832.0,0.00057,False
1741637251322,78832.0,0.0001,False
1741637251322,78832.01,0.00054,False
1741637251322,78832.01,0.00014,False
1741637251322,78832.01,0.00013,False
1741637251322,78832.01,0.00013,False
1741637251322,78832.14,0.00022,False
1741637251322,78832.14,0.00022,False
1741637251322,78832.14,0.00022,False
1741637252037,78833.99,7e-05,False
1741637252037,78833.99,0.0001,False
1741637252037,78833.99,0.0001,False
1741637252037,78833.99,0.00051,False
1741637252037,78833.99,0.00014,False
1741637252037,78833.99,7e-05,False
1741637252037,78834.0,0.00361,False
1741637252037,78834.0,0.00056,False
1741637252037,78834.0,0.00013,False
1741637252037,78834.0,0.00014,False
1741637252037,78834.0,0.00014,False
1741637252037,78834.81,7e-05,False
1741637252037,78834.81,0.00013,False
1741637252037,78834.81,0.00013,False
1741637252037,78834.81,0.00013,False
1741637252037,78834.82,0.00942,False
1741637252037,78834.83,7e-05,False
1741637252037,78834.84,0.022,False
1741637252037,78837.54,0.00031,False
1741637252037,78838.72,7e-05,False
1741637252037,78838.73,0.00942,False
1741637252037,78838.89,0.00013,False
1741637252037,78839.42,7e-05,False
1741637252037,78839.43,0.02813,False
1741637252037,78839.48,0.00059,False
1741637252037,78839.91,0.00969,False
1741637252060,78841.79,0.00013,False
1741637252060,78841.79,0.00058,False
1741637252060,78841.79,0.0001,False
1741637252060,78841.8,0.00053,False
1741637252060,78841.8,0.00014,False
1741637252060,78841.8,0.00039,False
1741637252060,78841.88,7e-05,False
1741637252060,78841.88,0.00036,False
1741637252060,78841.88,0.00036,False
1741637252060,78841.88,0.00036,False
1741637252060,78841.89,0.003,False
1741637252206,78842.32,7e-05,False
1741637252206,78842.32,0.0001,False
1741637252206,78842.32,0.00056,False
1741637252206,78842.32,0.00013,False
1741637252206,78842.33,0.00069,False
1741637252279,78842.33,0.00873,False
1741637252279,78842.33,0.00055,False
1741637252279,78842.33,0.0001,False
1741637252341,78842.34,0.00094,False
1741637252341,78842.34,0.00014,False
1741637252341,78842.34,0.00014,False
1741637252341,78842.34,0.0001,False
1741637252341,78842.34,0.00013,False
1741637252341,78842.35,0.00013,False
1741637252341,78842.35,0.00054,False
1741637252341,78842.44,7e-05,False
1741637252341,78842.45,0.01212,False
1741637252341,78842.84,7e-05,False
1741637252341,78843.27,8e-05,False
1741637252341,78843.27,7e-05,False
1741637252341,78843.27,7e-05,False
1741637252341,78843.27,7e-05,False
1741637252341,78843.27,7e-05,False
1741637252341,78843.28,0.00504,False
1741637252341,78843.64,7e-05,False
1741637252341,78843.85,0.00013,False
1741637252341,78843.97,8e-05,False
1741637252341,78844.56,0.00032,False
1741637252341,78845.22,7e-05,False
1741637252341,78845.55,7e-05,False
1741637252528,78845.56,0.00053,False
1741637252528,78845.56,0.0001,False
1741637252528,78845.56,0.00011,False
1741637252538,78845.56,2e-05,False
1741637252538,78845.56,0.0001,False
1741637252538,78845.56,0.00011,False
1741637252538,78845.56,0.00055,False
1741637252538,78845.56,0.00011,False
1741637252538,78845.56,0.00014,False
1741637252538,78845.56,0.00011,False
1741637252538,78845.57,0.00019,False
1741637252538,78845.57,0.00056,False
1741637252538,78845.57,0.00014,False
1741637252538,78845.57,0.00014,False
1741637252538,78845.58,0.00013,False
1741637252538,78846.01,7e-05,False
1741637252538,78847.01,7e-05,False
1741637252538,78847.02,0.00172,False
1741637252606,78847.01,0.00128,True
1741637252708,78847.02,0.0077,False
1741637252708,78847.02,0.00079,False
1741637252708,78847.02,0.00101,False
1741637252708,78847.02,0.01288,False
1741637253004,78847.02,0.00012,False
1741637253054,78847.01,0.001,True
1741637253054,78847.01,0.09513,True
1741637253054,78847.01,0.03177,True
1741637253054,78847.01,7e-05,True
1741637253054,78847.01,0.04226,True
1741637253054,78847.01,7e-05,True
1741637253054,78847.01,0.07132,True
1741637253054,78847.01,0.08843,True
1741637253054,78847.01,0.08653,True
1741637253054,78847.01,0.08998,True
1741637253054,78847.01,0.00014,True
1741637253054,78847.01,0.00302,True
1741637253054,78847.01,7e-05,True
1741637253054,78847.01,7e-05,True
1741637253054,78847.01,0.00445,True
1741637253054,78847.01,0.03944,True
1741637253054,78847.01,0.00014,True
1741637253054,78847.01,0.13972,True
1741637253054,78847.01,0.02035,True
1741637253054,78847.01,0.03275,True
1741637253054,78847.01,0.1,True
1741637253054,78847.01,7e-05,True
1741637253054,78847.01,0.0001,True
1741637253054,78847.01,7e-05,True
1741637253054,78847.0,0.00014,True
1741637253054,78847.0,7e-05,True
1741637253054,78847.0,7e-05,True
1741637253054,78847.0,0.00013,True
1741637253054,78846.81,7e-05,True
1741637253054,78846.81,7e-05,True
1741637253054,78846.56,7e-05,True
1741637253054,78846.56,7e-05,True
1741637253054,78846.22,7e-05,True
1741637253054,78846.22,7e-05,True
1741637253054,78846.05,7e-05,True
1741637253054,78846.05,7e-05,True
1741637253054,78846.04,7e-05,True
1741637253054,78846.02,7e-05,True
1741637253054,78846.01,7e-05,True
1741637253054,78845.6,7e-05,True
1741637253054,78845.55,0.00071,True
1741637253054,78845.55,0.00095,True
1741637253054,78845.55,0.00144,True
1741637253054,78845.55,0.03499,True
1741637253054,78843.7,0.001,True
1741637253054,78842.9,0.003,True
1741637253054,78842.35,0.00015,True
1741637253054,78842.35,0.00015,True
1741637253054,78842.35,0.00015,True
1741637253054,78842.34,0.0273,True
1741637253135,78842.32,7e-05,True
1741637253135,78842.32,0.0001,True
1741637253135,78842.32,0.0001,True
1741637253135,78842.32,0.0001,True
1741637253135,78842.32,7e-05,True
1741637253135,78842.32,7e-05,True
1741637253135,78842.32,7e-05,True
1741637253135,78842.32,0.00015,True
1741637253135,78842.32,7e-05,True
1741637253135,78842.32,0.00014,True
1741637253135,78842.32,8e-05,True
1741637253135,78842.32,8e-05,True
1741637253135,78842.32,7e-05,True
1741637253135,78842.32,7e-05,True
1741637253135,78842.31,0.04226,True
1741637253135,78842.31,7e-05,True
1741637253135,78842.31,7e-05,True
1741637253183,78842.01,7e-05,True
1741637253183,78842.01,7e-05,True
1741637253183,78842.01,7e-05,True
1741637253183,78842.01,7e-05,True
1741637253183,78842.01,1e-05,True
1741637253475,78842.01,6e-05,True
1741637253475,78842.01,7e-05,True
1741637253475,78842.01,0.0001,True
1741637253475,78842.01,7e-05,True
1741637253475,78842.01,7e-05,True
1741637253475,78842.01,7e-05,True
1741637253475,78842.01,7e-05,True
1741637253475,78842.01,7e-05,True
1741637253475,78842.01,0.00015,True
1741637253548,78842.02,0.00286,False
1741637253952,78842.02,0.00031,False
1741637254115,78842.01,0.02213,True
1741637254375,78842.02,0.00013,False
1741637254375,78842.02,0.00368,False
1741637254386,78842.01,0.00822,True
1741637254386,78842.01,0.00013,True
1741637254386,78842.01,0.0066,True
1741637254386,78842.01,0.00012,True
1741637254386,78842.01,7e-05,True
1741637254386,78842.01,7e-05,True
1741637254386,78842.01,7e-05,True
1741637254386,78842.01,7e-05,True
1741637254386,78842.01,0.0001,True
1741637254386,78842.01,7e-05,True
1741637254386,78842.01,0.0843,True
1741637254386,78842.01,0.2189,True
1741637254386,78842.01,0.154,True
1741637254386,78842.01,0.3813,True
1741637254386,78842.01,7e-05,True
1741637254386,78842.01,0.02354,True
1741637254386,78842.01,0.00515,True
1741637254386,78842.01,8e-05,True
1741637254386,78842.01,0.11841,True
1741637254599,78842.02,0.00012,False
1741637254771,78842.01,0.00025,True
1741637254939,78842.02,0.00099,False
1741637255041,78842.02,0.00252,False
1741637255321,78842.02,8e-05,False
1741637255416,78842.01,0.04,True
1741637255669,78842.01,8e-05,True
1741637255829,78842.02,0.00014,False
1741637255829,78842.02,0.00164,False
1741637255829,78842.02,0.00096,False
1741637255829,78842.03,0.00014,False
1741637255829,78842.03,0.00014,False
1741637255829,78842.03,0.00014,False
1741637255829,78842.03,0.00051,False
1741637255829,78843.17,0.0012,False
1741637255829,78845.01,0.00012,False
1741637255829,78845.01,0.00012,False
1741637255829,78845.01,0.00012,False
1741637255829,78845.99,7e-05,False
1741637255829,78846.0,0.0223,False
1741637255860,78846.32,0.00052,False
1741637255860,78846.32,0.00014,False
1741637255860,78846.33,0.00019,False
1741637255860,78846.33,0.00051,False
1741637255860,78847.29,0.00012,False
1741637255860,78847.29,0.00012,False
1741637255860,78847.29,0.00012,False
1741637255887,78847.6,0.00051,False
1741637255887,78847.61,0.00052,False
1741637255887,78847.61,0.00014,False
1741637255887,78847.75,7e-05,False
1741637255887,78847.76,8e-05,False
1741637255887,78847.99,0.00011,False
1741637255887,78848.19,0.00013,False
1741637255887,78848.19,7e-05,False
1741637255887,78848.2,0.003,False
1741637255987,78849.35,7e-05,False
1741637255987,78849.35,0.0001,False
1741637255987,78849.35,0.0001,False
1741637255987,78849.35,0.0001,False
1741637255987,78849.35,0.00054,False
1741637255987,78849.35,8e-05,False
1741637255987,78849.35,0.00023,False
1741637255987,78849.35,0.00101,False
1741637255987,78849.35,0.00013,False
1741637255987,78849.35,0.00302,False
1741637255987,78849.36,0.01303,False
1741637256164,78849.36,0.01014,False
1741637256164,78849.36,0.00051,False
1741637256164,78849.36,0.00078,False
1741637256164,78849.36,0.00014,False
1741637256164,78849.37,0.00057,False
1741637256164,78849.37,0.00013,False
1741637256164,78849.37,0.00014,False
1741637256164,78849.37,0.00014,False
1741637256164,78849.51,7e-05,False
1741637256164,78849.52,0.00942,False
1741637256164,78851.3,0.00022,False
1741637256164,78851.3,0.0001,False
1741637256164,78851.3,0.0001,False
1741637256164,78851.3,0.0001,False
1741637256164,78851.99,8e-05,False
1741637256164,78852.48,7e-05,False
1741637256164,78852.49,0.02528,False
1741637256164,78852.91,0.00013,False
1741637256164,78853.22,7e-05,False
1741637256164,78853.22,7e-05,False
1741637256164,78853.23,0.00942,False
1741637256164,78853.63,7e-05,False
1741637256164,78853.64,0.01883,False
1741637256164,78853.94,0.00039,False
1741637256164,78853.99,7e-05,False
1741637256166,78854.88,0.0001,False
1741637256166,78854.89,0.0039,False
1741637256166,78854.89,0.01022,False
1741637256166,78854.91,0.003,False
1741637256166,78855.41,7e-05,False
1741637256166,78855.67,8e-05,False
1741637256166,78855.8,0.00013,False
1741637256175,78856.86,0.01881,False
1741637256270,78856.85,8e-05,True
1741637256316,78856.86,0.0008,False
1741637256316,78856.86,0.00053,False
1741637256316,78856.86,7e-05,False
1741637256316,78856.87,0.00056,False
1741637256316,78856.87,0.00038,False
1741637256316,78856.87,0.00013,False
1741637256316,78856.87,0.00013,False
1741637256316,78856.87,0.00014,False
1741637256316,78857.04,7e-05,False
1741637256316,78857.04,0.00035,False
1741637256316,78857.04,0.00029,False
1741637256316,78857.04,0.00029,False
1741637256316,78857.04,0.00029,False
1741637256316,78857.05,0.02761,False
1741637256316,78857.09,7e-05,False
1741637256316,78857.29,7e-05,False
1741637256316,78857.3,0.00942,False
1741637256316,78857.5,0.00013,False
1741637256316,78857.7,0.003,False
1741637256316,78857.78,0.00013,False
1741637256316,78857.89,7e-05,False
1741637256316,78859.67,0.00031,False
1741637256316,78859.99,0.00505,False
1741637256316,78859.99,7e-05,False
1741637256350,78860.0,0.10145,False
1741637256350,78860.0,0.00874,False
1741637256350,78860.0,0.00014,False
1741637256350,78860.0,0.03274,False
1741637256360,78859.99,0.01457,True
1741637256486,78860.0,0.154,False
1741637256486,78860.0,0.0006,False
1741637256486,78860.0,0.01546,False
1741637256486,78860.0,0.0305,False
1741637256486,78860.0,0.07454,False
1741637256516,78860.0,0.0001,False
1741637256516,78860.01,0.00015,False
1741637256516,78860.01,0.00014,False
1741637256516,78860.01,0.00014,False
1741637256516,78860.01,0.00014,False
1741637256516,78860.15,7e-05,False
1741637256516,78860.15,0.00015,False
1741637256516,78860.15,0.00015,False
1741637256516,78860.15,0.00015,False
1741637256516,78860.16,0.02132,False
1741637256516,78861.06,7e-05,False
1741637256571,78861.07,0.00032,False
1741637257077,78861.07,0.00099,False
1741637257091,78861.06,0.00014,True
1741637257091,78861.06,7e-05,True
1741637257091,78861.06,7e-05,True
1741637257091,78861.06,7e-05,True
1741637257091,78861.06,7e-05,True
1741637257091,78861.06,7e-05,True
1741637257091,78861.06,7e-05,True
1741637257091,78861.06,0.0001,True
1741637257091,78861.06,0.0001,True
1741637257091,78861.06,0.0001,True
1741637257091,78861.05,0.00013,True
1741637257091,78861.05,0.00013,True
1741637257091,78861.05,0.00013,True
1741637257091,78861.05,7e-05,True
1741637257091,78861.05,7e-05,True
1741637257091,78860.27,7e-05,True
1741637257091,78860.27,7e-05,True
1741637257091,78860.27,7e-05,True
1741637257091,78860.17,7e-05,True
1741637257091,78860.17,7e-05,True
1741637257091,78860.16,7e-05,True
1741637257091,78860.16,7e-05,True
1741637257091,78860.01,7e-05,True
1741637257091,78860.01,7e-05,True
1741637257099,78860.01,0.00019,False
1741637257104,78860.0,0.0223,True
1741637257104,78860.0,0.0001,True
1741637257104,78860.0,0.0001,True
1741637257104,78860.0,0.0001,True
1741637257104,78860.0,7e-05,True
1741637257104,78860.0,7e-05,True
1741637257104,78860.0,7e-05,True
1741637257104,78860.0,7e-05,True
1741637257104,78860.0,7e-05,True
1741637257104,78860.0,7e-05,True
1741637257104,78858.08,9e-05,True
1741637257104,78858.07,9e-05,True
1741637257104,78858.07,7e-05,True
1741637257104,78858.07,7e-05,True
1741637257104,78858.02,0.0001,True
1741637257104,78858.02,7e-05,True
1741637257104,78858.02,7e-05,True
1741637257104,78858.01,7e-05,True
1741637257104,78858.01,7e-05,True
1741637257104,78858.01,7e-05,True
1741637257136,78858.01,6e-05,False
1741637257190,78858.0,7e-05,True
1741637257190,78858.0,7e-05,True
1741637257190,78858.0,7e-05,True
1741637257190,78858.0,0.00013,True
1741637257190,78858.0,7e-05,True
1741637257190,78858.0,7e-05,True
1741637257190,78858.0,7e-05,True
1741637257190,78858.0,0.0001,True
1741637257190,78858.0,0.0001,True
1741637257190,78858.0,0.0001,True
1741637257190,78857.99,9e-05,True
1741637257190,78857.99,7e-05,True
1741637257190,78857.99,7e-05,True
1741637257190,78857.9,7e-05,True
1741637257190,78857.9,7e-05,True
1741637257190,78857.9,7e-05,True
1741637257190,78857.47,7e-05,True
1741637257190,78857.47,7e-05,True
1741637257190,78857.47,7e-05,True
1741637257190,78857.46,7e-05,True
1741637257190,78857.46,7e-05,True
1741637257190,78857.1,7e-05,True
1741637257190,78857.1,7e-05,True
1741637257190,78856.38,7e-05,True
1741637257190,78856.31,7e-05,True
1741637257190,78856.01,8e-05,True
1741637257190,78856.01,8e-05,True
1741637257190,78854.73,7e-05,True
1741637257190,78854.08,0.0002,True
1741637257190,78854.08,0.00019,True
1741637257190,78854.08,0.0002,True
1741637257190,78854.01,7e-05,True
1741637257190,78854.01,9e-05,True
1741637257190,78854.01,9e-05,True
1741637257373,78853.19,0.00012,False
1741637257394,78853.19,0.01044,False
1741637257771,78853.19,0.00066,False
1741637257815,78853.18,7e-05,True
1741637257815,78853.18,7e-05,True
1741637257815,78853.18,7e-05,True
1741637257815,78853.18,7e-05,True
1741637257815,78853.18,0.00024,True
1741637257815,78853.18,7e-05,True
1741637257815,78853.18,0.00218,True
1741637257853,78853.18,0.01517,True
1741637257872,78853.18,0.00221,True
1741637257961,78853.18,0.0002,True
1741637258046,78853.18,0.08024,True
1741637258046,78853.18,0.0001,True
1741637258046,78853.18,7e-05,True
1741637258046,78853.18,7e-05,True
1741637258046,78853.18,0.00014,True
1741637258046,78853.18,7e-05,True
1741637258046,78853.18,7e-05,True
1741637258046,78853.18,7e-05,True
1741637258046,78853.18,7e-05,True
1741637258046,78853.18,0.0001,True
1741637258046,78853.18,0.0001,True
1741637258046,78853.18,0.0001,True
1741637258046,78853.18,0.0001,True
1741637258046,78853.17,7e-05,True
1741637258046,78853.17,7e-05,True
1741637258046,78853.17,0.00013,True
1741637258046,78853.17,0.00014,True
1741637258046,78853.17,0.00014,True
1741637258046,78853.15,7e-05,True
1741637258046,78853.15,7e-05,True
1741637258046,78852.74,7e-05,True
1741637258046,78852.74,7e-05,True
1741637258046,78852.73,7e-05,True
1741637258046,78852.73,7e-05,True
1741637258046,78852.5,7e-05,True
1741637258046,78852.35,7e-05,True
1741637258046,78852.35,7e-05,True
1741637258046,78852.31,7e-05,True
1741637258046,78851.19,0.00015,True
1741637258046,78851.19,0.00015,True
1741637258046,78851.19,0.00015,True
1741637258046,78849.98,7e-05,True
1741637258046,78848.2,0.00013,True
1741637258046,78848.01,0.0001,True
1741637258046,78848.01,0.0001,True
1741637258046,78848.01,7e-05,True
1741637258074,78846.93,9e-05,True
1741637258074,78846.93,9e-05,True
1741637258074,78846.93,7e-05,True
1741637258074,78846.93,7e-05,True
1741637258074,78846.93,7e-05,True
1741637258074,78846.93,0.0001,True
1741637258074,78846.93,7e-05,True
1741637258074,78846.93,7e-05,True
1741637258074,78846.93,7e-05,True
1741637258074,78846.92,0.00031,True
1741637258074,78846.92,7e-05,True
1741637258074,78846.92,7e-05,True
1741637258074,78846.92,0.00014,True
1741637258074,78846.78,7e-05,True
1741637258074,78846.78,7e-05,True
1741637258074,78846.78,7e-05,True
1741637258074,78846.77,7e-05,True
1741637258074,78846.77,7e-05,True
1741637258074,78846.01,8e-05,True
1741637258074,78846.01,8e-05,True
1741637258074,78846.01,7e-05,True
1741637258074,78846.01,0.00026,True
1741637258074,78846.01,0.00026,True
1741637258074,78846.01,0.00026,True
1741637258074,78846.01,7e-05,True
1741637258074,78846.0,7e-05,True
1741637258074,78843.67,0.001,True
1741637258074,78843.67,7e-05,True
1741637258074,78843.55,7e-05,True
1741637258074,78843.33,9e-05,True
1741637258074,78843.33,9e-05,True
1741637258626,78843.06,7e-05,True
1741637258626,78843.06,7e-05,True
1741637258626,78843.06,7e-05,True
1741637258626,78843.06,7e-05,True
1741637258626,78843.06,7e-05,True
1741637258626,78843.06,0.0001,True
1741637258626,78843.06,0.00043,True
1741637258633,78843.07,0.00033,False
1741637258715,78843.07,0.01267,False
1741637259047,78843.06,0.00058,True
1741637259047,78843.06,0.00013,True
1741637259047,78843.06,0.00303,True
1741637259047,78843.06,0.00041,True
1741637259188,78843.06,7e-05,True
1741637259188,78843.06,0.0001,True
1741637259188,78843.06,7e-05,True
1741637259188,78843.06,7e-05,True
1741637259188,78843.06,7e-05,True
1741637259188,78843.06,7e-05,True
1741637259188,78843.06,7e-05,True
1741637259188,78843.06,0.0001,True
1741637259188,78843.06,0.0001,True
1741637259188,78843.06,0.00014,True
1741637259188,78843.06,7e-05,True
1741637259188,78843.06,0.00054,True
1741637259188,78843.06,7e-05,True
1741637259188,78843.05,0.00019,True
1741637259188,78843.05,0.00013,True
1741637259188,78843.05,0.00013,True
1741637259188,78843.05,0.00013,True
1741637259188,78843.05,7e-05,True
1741637259188,78843.05,7e-05,True
1741637259188,78843.02,0.00052,True
1741637259188,78843.02,7e-05,True
1741637259188,78843.02,7e-05,True
1741637259188,78842.85,7e-05,True
1741637259188,78842.85,7e-05,True
1741637259188,78842.85,7e-05,True
1741637259188,78842.17,0.00019,True
1741637259188,78842.17,0.00019,True
1741637259188,78842.17,0.00019,True
1741637259188,78842.17,7e-05,True
1741637259188,78842.17,7e-05,True
1741637259188,78842.16,7e-05,True
1741637259188,78842.06,7e-05,True
1741637259188,78842.06,7e-05,True
1741637259188,78842.01,7e-05,True
1741637259188,78840.41,7e-05,True
1741637259188,78840.4,0.003,True
1741637259188,78840.01,7e-05,True
1741637259188,78840.01,8e-05,True
1741637259188,78840.01,8e-05,True
1741637259188,78840.0,0.0223,True
1741637259188,78839.91,7e-05,True
1741637259188,78839.91,8e-05,True
1741637259188,78839.91,8e-05,True
1741637259306,78839.91,0.00099,False
1741637259499,78839.91,7e-05,False
1741637259703,78839.91,0.00063,False
1741637259768,78839.91,0.00026,False
1741637259768,78839.91,0.00039,False
1741637259768,78839.91,0.00026,False
1741637259768,78839.91,0.00026,False
1741637259769,78839.91,0.00026,False
1741637259773,78839.91,0.00126,False
1741637259774,78839.91,7e-05,False
1741637259980,78839.9,0.0002,True
1741637260206,78839.91,0.0006,False
1741637260417,78839.9,0.04,True
1741637260473,78839.91,0.00011,False
1741637260552,78839.9,0.00032,True
1741637260806,78839.9,0.02308,True
1741637260836,78839.91,0.01827,False
1741637260932,78839.91,0.00084,False
1741637260971,78839.9,0.0002,True
1741637260978,78839.9,0.03765,True
1741637260978,78839.9,0.00282,True
1741637260978,78839.9,7e-05,True
1741637260978,78839.9,7e-05,True
1741637260978,78839.9,7e-05,True
1741637260978,78839.9,7e-05,True
1741637260978,78839.9,0.00013,True
1741637260978,78839.9,7e-05,True
1741637260978,78839.9,0.0001,True
1741637260978,78839.9,0.0001,True
1741637260978,78839.9,0.0001,True
1741637260978,78839.9,7e-05,True
1741637260978,78839.89,0.00016,True
1741637260978,78839.89,7e-05,True
1741637260978,78839.89,0.00013,True
1741637260978,78839.89,7e-05,True
1741637260978,78839.89,0.00013,True
1741637260978,78839.89,0.00013,True
1741637260978,78839.77,7e-05,True
1741637260978,78839.77,7e-05,True
1741637260978,78839.76,7e-05,True
1741637260978,78839.76,7e-05,True
1741637260978,78839.69,1e-05,True
1741637260978,78839.69,6e-05,True
1741637260978,78839.69,7e-05,True
1741637260978,78839.65,7e-05,True
1741637260978,78839.64,7e-05,True
1741637260978,78839.63,7e-05,True
1741637260978,78839.63,0.00013,True
1741637260978,78839.63,0.00013,True
1741637260978,78839.63,0.00013,True
1741637260978,78839.63,7e-05,True
1741637260978,78839.63,9e-05,True
1741637260978,78839.63,9e-05,True
1741637260978,78839.62,0.0187,True
1741637260979,78839.62,0.02763,True
1741637260980,78837.4,0.003,True
1741637260980,78837.4,7e-05,True
1741637260980,78837.11,7e-05,True
1741637260980,78837.1,0.00106,True
1741637260981,78837.1,0.00294,True
1741637260981,78837.1,7e-05,True
1741637260981,78837.1,7e-05,True
1741637260996,78835.64,0.01506,False
1741637261014,78835.64,0.00017,False
1741637261067,78835.63,7e-05,True
1741637261067,78835.63,7e-05,True
1741637261067,78835.63,7e-05,True
1741637261067,78835.63,7e-05,True
1741637261067,78835.63,7e-05,True
1741637261067,78835.63,7e-05,True
1741637261067,78835.63,0.0002,True
1741637261067,78835.62,0.00022,True
1741637261067,78835.62,7e-05,True
1741637261067,78835.62,7e-05,True
1741637261067,78835.62,0.00013,True
1741637261067,78835.22,7e-05,True
1741637261067,78835.22,7e-05,True
1741637261067,78835.14,0.00022,True
1741637261067,78835.14,0.00022,True
1741637261067,78835.14,7e-05,True
1741637261067,78835.14,7e-05,True
1741637261067,78835.13,7e-05,True
1741637261067,78835.13,7e-05,True
1741637261067,78835.12,7e-05,True
1741637261067,78834.94,7e-05,True
1741637261166,78834.27,0.00103,False
1741637261250,78834.26,9e-05,True
1741637261250,78834.26,0.0002,True
1741637261250,78834.26,7e-05,True
1741637261250,78834.26,7e-05,True
1741637261250,78834.26,7e-05,True
1741637261250,78834.26,7e-05,True
1741637261250,78834.26,7e-05,True
1741637261250,78834.26,7e-05,True
1741637261250,78834.26,0.00013,True
1741637261250,78834.25,0.00014,True
1741637261250,78834.25,0.00014,True
1741637261250,78834.25,7e-05,True
1741637261250,78834.25,7e-05,True
1741637261250,78834.24,7e-05,True
1741637261250,78834.24,7e-05,True
1741637261250,78834.24,7e-05,True
1741637261252,78834.16,8e-05,True
1741637261252,78834.16,7e-05,True
1741637261252,78834.16,7e-05,True
1741637261252,78834.15,7e-05,True
1741637261252,78834.15,7e-05,True
1741637261254,78833.97,7e-05,True
1741637261254,78833.97,7e-05,True
1741637261254,78833.57,8e-05,True
1741637261254,78833.57,0.0001,True
1741637261254,78833.57,8e-05,True
1741637261254,78833.57,7e-05,True
1741637261254,78833.57,7e-05,True
1741637261254,78833.56,0.001,True
1741637261254,78833.56,7e-05,True
1741637261254,78833.56,7e-05,True
1741637261254,78833.35,7e-05,True
1741637261256,78832.63,7e-05,True
1741637261256,78832.63,7e-05,True
1741637261256,78832.63,0.0001,True
1741637261256,78832.63,0.0001,True
1741637261256,78832.63,7e-05,True
1741637261256,78832.63,7e-05,True
1741637261256,78832.63,0.0001,True
1741637261256,78832.63,7e-05,True
1741637261256,78831.96,0.00014,True
1741637261256,78831.95,0.00013,True
1741637261256,78831.95,7e-05,True
1741637261256,78831.22,0.00013,True
1741637261256,78831.22,7e-05,True
1741637261256,78831.22,7e-05,True
1741637261256,78831.21,7e-05,True
1741637261256,78831.21,0.00015,True
1741637261256,78831.21,7e-05,True
1741637261256,78831.18,0.00101,True
1741637261256,78830.98,7e-05,True
1741637261256,78830.91,7e-05,True
1741637261256,78830.9,0.003,True
1741637261256,78830.9,7e-05,True
1741637261256,78829.6,0.00013,True
1741637261256,78829.57,0.00013,True
1741637261256,78829.54,0.00025,True
1741637261256,78829.53,7e-05,True
1741637261256,78829.52,0.003,True
1741637261256,78829.4,7e-05,True
1741637261256,78828.55,7e-05,True
1741637261256,78828.55,7e-05,True
1741637261261,78828.55,0.001,False
1741637261420,78828.54,0.00162,True
1741637261476,78828.54,0.0002,True
1741637261541,78828.54,0.01456,True
1741637261541,78828.54,7e-05,True
1741637261541,78828.54,0.1,True
1741637261541,78828.54,7e-05,True
1741637261541,78828.54,7e-05,True
1741637261541,78828.54,7e-05,True
1741637261541,78828.54,7e-05,True
1741637261541,78828.54,7e-05,True
1741637261541,78828.54,0.00013,True
1741637261541,78828.54,0.01511,True
1741637261649,78828.55,9e-05,False
1741637261649,78828.55,0.00024,False
1741637261811,78828.55,0.00257,False
1741637261815,78828.54,7e-05,True
1741637261815,78828.54,7e-05,True
1741637261815,78828.54,7e-05,True
1741637261815,78828.54,7e-05,True
1741637261815,78828.54,7e-05,True
1741637261815,78828.54,0.00014,True
1741637261815,78828.54,7e-05,True
1741637261815,78828.54,0.0001,True
1741637261815,78828.54,0.0001,True
1741637261815,78828.54,0.0001,True
1741637261815,78828.53,0.00028,True
1741637261815,78828.53,0.00013,True
1741637261815,78828.53,0.00014,True
1741637261815,78828.53,0.00014,True
1741637261815,78828.53,7e-05,True
1741637261815,78828.53,7e-05,True
1741637261815,78828.3,0.00026,True
1741637261815,78828.3,0.00026,True
1741637261815,78828.3,0.00026,True
1741637261815,78828.3,0.00023,True
1741637261815,78828.3,7e-05,True
1741637261815,78828.3,7e-05,True
1741637261815,78828.29,7e-05,True
1741637261815,78828.29,7e-05,True
1741637261815,78828.29,8e-05,True
1741637261815,78828.29,8e-05,True
1741637261815,78828.28,7e-05,True
1741637261815,78828.28,7e-05,True
1741637261815,78827.81,7e-05,True
1741637261815,78827.32,7e-05,True
1741637261815,78827.31,7e-05,True
1741637261815,78827.02,7e-05,True
1741637261815,78826.46,7e-05,True
1741637261815,78826.45,0.00328,True
1741637261815,78825.71,0.00031,True
1741637261815,78824.65,7e-05,True
1741637261815,78823.29,0.00014,True
1741637261815,78822.8,7e-05,True
1741637261815,78822.8,9e-05,True
1741637261815,78822.8,9e-05,True
1741637261901,78822.8,0.00061,False
1741637262101,78822.8,0.00317,False
1741637262178,78822.79,7e-05,True
1741637262178,78822.79,0.00165,True
1741637262178,78822.79,0.0011,True
1741637262226,78822.79,7e-05,True
1741637262226,78822.79,7e-05,True
1741637262226,78822.79,7e-05,True
1741637262226,78822.79,7e-05,True
1741637262226,78822.79,7e-05,True
1741637262226,78822.79,0.00013,True
1741637262226,78822.79,0.00015,True
1741637262490,78822.8,0.00018,False
1741637262533,78822.8,0.00415,False
1741637262703,78822.8,0.00014,False
1741637262828,78822.8,0.003,False
1741637262838,78822.8,0.00013,False
1741637262838,78822.8,0.00902,False
1741637262838,78822.8,0.00021,False
1741637262838,78822.8,0.00014,False
1741637262838,78822.8,0.0001,False
1741637262838,78822.8,0.0001,False
1741637262838,78822.81,0.00013,False
1741637262838,78822.81,0.00014,False
1741637262838,78823.05,7e-05,False
1741637262838,78827.16,7e-05,False
1741637262838,78827.99,7e-05,False
1741637262838,78828.01,7e-05,False
1741637262838,78828.55,0.00302,False
1741637262838,78828.65,0.00484,False
1741637262867,78828.65,0.0002,False
1741637262867,78828.65,0.0001,False
1741637262867,78828.65,0.0001,False
1741637262867,78828.66,0.00013,False
1741637262867,78829.24,7e-05,False
1741637262867,78829.59,0.00013,False
1741637262867,78830.18,7e-05,False
1741637262939,78832.73,0.00021,False
1741637262939,78832.73,0.00021,False
1741637262939,78832.73,0.00021,False
1741637262939,78832.73,0.0002,False
1741637262939,78832.73,0.0001,False
1741637262939,78832.73,0.0001,False
1741637262939,78832.74,0.00013,False
1741637262939,78832.74,0.00013,False
1741637262939,78832.74,0.00014,False
1741637262939,78833.27,7e-05,False
1741637263036,78834.2,7e-05,False
1741637263036,78834.2,7e-05,False
1741637263036,78834.2,7e-05,False
1741637263036,78834.2,0.0001,False
1741637263036,78834.2,0.0001,False
1741637263036,78834.2,7e-05,False
1741637263036,78834.2,7e-05,False
1741637263036,78834.2,0.00014,False
1741637263036,78834.21,0.0003,False
1741637263134,78834.21,0.0001,False
1741637263134,78834.21,0.0001,False
1741637263134,78834.22,0.00013,False
1741637263134,78834.22,0.00014,False
1741637263134,78834.22,0.00013,False
1741637263134,78834.93,7e-05,False
1741637263134,78835.64,0.00069,False
1741637263134,78835.64,0.00032,False
1741637263134,78835.72,7e-05,False
1741637263134,78836.43,7e-05,False
1741637263134,78836.44,0.003,False
1741637263134,78836.51,7e-05,False
1741637263134,78837.4,7e-05,False
1741637263175,78837.41,0.01129,False
1741637263175,78837.41,0.00014,False
1741637263175,78837.41,0.0001,False
1741637263175,78837.41,0.0001,False
1741637263175,78837.42,0.00016,False
1741637263175,78837.99,0.00019,False
1741637263175,78837.99,0.00019,False
1741637263175,78837.99,0.00019,False
1741637263175,78838.39,0.00013,False
1741637263175,78838.56,7e-05,False
1741637263175,78838.57,0.003,False
1741637263175,78838.89,0.00013,False
1741637263175,78838.89,7e-05,False
1741637263175,78839.68,7e-05,False
1741637263175,78839.89,7e-05,False
1741637263300,78839.89,0.00012,True
