timestamp,price,volume,is_ask
1741375653453,88273.18,0.00025,True
1741375653746,88273.19,0.00012,False
1741375654660,88273.18,0.00023,True
1741375654661,88273.18,0.00023,True
1741375654661,88273.18,0.00023,True
1741375654661,88273.18,0.00023,True
1741375654665,88273.18,0.00085,True
1741375654667,88273.18,0.00085,True
1741375654669,88273.18,0.00085,True
1741375654670,88273.18,0.00085,True
1741375654673,88273.18,0.00369,True
1741375654674,88273.18,0.00057,True
1741375654674,88273.18,0.00369,True
1741375654709,88273.18,0.00034,True
1741375654709,88273.18,0.00034,True
1741375654709,88273.18,0.00034,True
1741375654714,88273.18,0.00142,True
1741375654714,88273.18,0.00142,True
1741375654714,88273.18,0.00142,True
1741375654717,88273.18,0.00023,True
1741375654721,88273.18,0.0059,True
1741375654722,88273.18,0.00029,True
1741375654722,88273.18,0.00013,True
1741375654722,88273.18,0.00049,True
1741375654730,88273.18,0.00369,True
1741375654747,88273.19,0.00027,False
1741375655214,88273.19,0.06303,False
1741375655214,88273.19,0.0689,False
1741375655214,88273.19,0.0135,False
1741375655214,88273.19,0.0437,False
1741375655214,88273.19,0.12336,False
1741375655571,88273.19,7e-05,False
1741375655755,88273.19,0.00669,False
1741375655847,88273.18,0.00012,True
1741375656547,88273.19,5e-05,False
1741375657152,88273.19,1e-05,False
1741375657152,88273.19,6e-05,False
1741375657152,88273.19,6e-05,False
1741375657152,88273.19,0.00014,False
1741375657152,88273.19,6e-05,False
1741375657152,88273.19,0.0001,False
1741375657152,88273.19,6e-05,False
1741375657152,88273.19,6e-05,False
1741375657152,88273.19,7e-05,False
1741375657152,88273.19,0.00061,False
1741375657152,88273.19,0.0001,False
1741375657152,88273.19,6e-05,False
1741375657152,88273.19,6e-05,False
1741375657152,88273.19,6e-05,False
1741375657152,88273.19,0.00118,False
1741375657152,88273.19,0.0001,False
1741375657152,88273.19,0.00013,False
1741375657152,88273.19,0.0001,False
1741375657152,88273.19,0.00051,False
1741375657152,88273.2,6e-05,False
1741375657152,88273.2,6e-05,False
1741375657152,88273.21,6e-05,False
1741375657152,88273.21,6e-05,False
1741375657152,88273.21,0.00054,False
1741375657152,88273.22,6e-05,False
1741375657152,88273.22,6e-05,False
1741375657152,88273.23,6e-05,False
1741375657152,88273.23,6e-05,False
1741375657152,88273.24,6e-05,False
1741375657152,88273.25,6e-05,False
1741375657152,88273.25,0.00013,False
1741375657152,88273.27,6e-05,False
1741375657152,88273.54,6e-05,False
1741375657167,88273.95,6e-05,False
1741375657167,88273.95,0.0001,False
1741375657167,88273.95,6e-05,False
1741375657167,88273.95,6e-05,False
1741375657167,88273.95,6e-05,False
1741375657167,88273.95,6e-05,False
1741375657167,88273.95,0.00055,False
1741375657167,88273.95,6e-05,False
1741375657167,88273.95,6e-05,False
1741375657167,88273.96,0.09061,False
1741375657167,88273.96,6e-05,False
1741375657167,88273.96,6e-05,False
1741375657167,88273.97,0.00056,False
1741375657167,88273.97,6e-05,False
1741375657167,88273.97,6e-05,False
1741375657168,88274.43,6e-05,False
1741375657168,88274.43,6e-05,False
1741375657169,88275.76,8e-05,False
1741375657169,88275.76,8e-05,False
1741375657169,88275.76,8e-05,False
1741375657169,88275.76,6e-05,False
1741375657169,88275.76,6e-05,False
1741375657169,88275.76,6e-05,False
1741375657169,88275.77,0.01132,False
1741375657169,88275.77,6e-05,False
1741375657169,88275.99,6e-05,False
1741375657169,88276.0,0.00504,False
1741375657169,88276.0,6e-05,False
1741375657173,88276.2,6e-05,False
1741375657173,88276.2,6e-05,False
1741375657173,88276.2,6e-05,False
1741375657173,88276.2,0.0001,False
1741375657173,88276.65,8e-05,False
1741375657173,88276.79,6e-05,False
1741375657173,88276.79,6e-05,False
1741375657173,88276.79,6e-05,False
1741375657192,88276.8,0.001,False
1741375657192,88276.8,0.0001,False
1741375657192,88276.8,6e-05,False
1741375657192,88276.8,6e-05,False
1741375657192,88276.8,6e-05,False
1741375657192,88276.8,0.00052,False
1741375657192,88276.8,6e-05,False
1741375657192,88276.8,6e-05,False
1741375657192,88276.8,6e-05,False
1741375657192,88276.81,6e-05,False
1741375657192,88276.81,6e-05,False
1741375657192,88276.81,6e-05,False
1741375657203,88276.82,0.04804,False
1741375657203,88276.82,6e-05,False
1741375657203,88276.82,0.00053,False
1741375657203,88276.82,6e-05,False
1741375657203,88276.82,6e-05,False
1741375657203,88276.82,6e-05,False
1741375657203,88276.82,0.00482,False
1741375657203,88276.82,0.0001,False
1741375657203,88276.82,6e-05,False
1741375657203,88276.82,6e-05,False
1741375657203,88276.84,0.00056,False
1741375657203,88276.84,6e-05,False
1741375657203,88276.84,6e-05,False
1741375657203,88277.09,6e-05,False
1741375657203,88277.09,6e-05,False
1741375657203,88277.54,6e-05,False
1741375657203,88277.54,6e-05,False
1741375657203,88277.55,9e-05,False
1741375657203,88277.55,9e-05,False
1741375657203,88277.55,9e-05,False
1741375657203,88277.55,6e-05,False
1741375657203,88277.55,6e-05,False
1741375657203,88277.98,6e-05,False
1741375657203,88277.99,6e-05,False
1741375657203,88278.55,6e-05,False
1741375657203,88278.56,0.01132,False
1741375657203,88278.56,6e-05,False
1741375657203,88279.19,6e-05,False
1741375657203,88279.2,0.01006,False
1741375657204,88279.27,0.0024,False
1741375657204,88279.41,6e-05,False
1741375657204,88279.42,0.05942,False
1741375657205,88280.43,7e-05,False
1741375657205,88280.86,0.01005,False
1741375657205,88281.32,6e-05,False
1741375657205,88281.33,0.06612,False
1741375657205,88281.57,0.00012,False
1741375657205,88282.02,0.003,False
1741375657207,88283.85,0.01132,False
1741375657207,88284.75,0.00012,False
1741375657207,88285.03,0.00012,False
1741375657207,88286.49,6e-05,False
1741375657207,88286.5,0.53123,False
1741375657207,88286.5,0.22902,False
1741375657247,88286.7,6e-05,False
1741375657247,88286.7,0.0001,False
1741375657247,88286.7,6e-05,False
1741375657247,88286.7,6e-05,False
1741375657247,88286.7,6e-05,False
1741375657247,88286.7,6e-05,False
1741375657247,88286.7,0.00058,False
1741375657247,88286.7,0.001,False
1741375657247,88286.7,6e-05,False
1741375657247,88286.72,0.00056,False
1741375657247,88286.72,6e-05,False
1741375657247,88286.72,6e-05,False
1741375657247,88286.81,9e-05,False
1741375657247,88286.81,9e-05,False
1741375657247,88286.81,6e-05,False
1741375657247,88286.81,6e-05,False
1741375657247,88287.03,6e-05,False
1741375657247,88287.03,6e-05,False
1741375657247,88287.03,6e-05,False
1741375657247,88287.04,0.00387,False
1741375657247,88287.04,6e-05,False
1741375657247,88287.04,6e-05,False
1741375657247,88287.85,0.00113,False
1741375657247,88287.85,6e-05,False
1741375657247,88287.99,6e-05,False
1741375657247,88288.17,0.00019,False
1741375657247,88288.17,6e-05,False
1741375657247,88288.28,6e-05,False
1741375657247,88288.28,0.00011,False
1741375657247,88288.28,0.00011,False
1741375657656,88288.28,6e-05,True
1741375657656,88288.28,6e-05,True
1741375657656,88288.28,6e-05,True
1741375657656,88288.28,0.00056,True
1741375658170,88288.28,0.00013,True
1741375658170,88288.28,0.00012,True
1741375658212,88288.29,0.00029,False
1741375658430,88288.29,0.00223,False
1741375658596,88288.28,0.00396,True
1741375659309,88288.28,0.0006,True
1741375659696,88288.29,0.00748,False
1741375659696,88288.29,6e-05,False
1741375659696,88288.29,6e-05,False
1741375659696,88288.29,6e-05,False
1741375659696,88288.29,0.00014,False
1741375659696,88288.29,0.00058,False
1741375659696,88288.29,0.0021,False
1741375659696,88288.29,0.00054,False
1741375659696,88288.29,0.00054,False
1741375659696,88288.29,0.00054,False
1741375659696,88288.29,0.03506,False
1741375659696,88288.29,0.00504,False
1741375659696,88288.29,6e-05,False
1741375659696,88288.29,7e-05,False
1741375659696,88288.29,6e-05,False
1741375659696,88288.29,0.0001,False
1741375659696,88288.29,0.00326,False
1741375659696,88288.29,0.00456,False
1741375659696,88288.29,6e-05,False
1741375659696,88288.29,0.12469,False
1741375659696,88288.29,0.00162,False
1741375659804,88288.29,0.00337,False
1741375659804,88288.29,6e-05,False
1741375659804,88288.29,0.0001,False
1741375659804,88288.29,6e-05,False
1741375659804,88288.29,6e-05,False
1741375659804,88288.29,6e-05,False
1741375659804,88288.29,6e-05,False
1741375659804,88288.29,6e-05,False
1741375659804,88288.29,6e-05,False
1741375659804,88288.29,0.00054,False
1741375659804,88288.3,6e-05,False
1741375659804,88288.3,6e-05,False
1741375659804,88288.3,0.00054,False
1741375659804,88288.3,0.00133,False
1741375659804,88288.31,6e-05,False
1741375659804,88288.31,6e-05,False
1741375659804,88288.34,6e-05,False
1741375659804,88288.34,6e-05,False
1741375659804,88288.37,6e-05,False
1741375659804,88288.37,6e-05,False
1741375659804,88288.38,6e-05,False
1741375659804,88288.38,0.00013,False
1741375659804,88288.39,6e-05,False
1741375659804,88288.4,6e-05,False
1741375659804,88288.45,7e-05,False
1741375659804,88288.45,6e-05,False
1741375659804,88288.46,0.01132,False
1741375659804,88289.04,7e-05,False
1741375659804,88289.19,7e-05,False
1741375659804,88289.19,8e-05,False
1741375659804,88289.19,8e-05,False
1741375659804,88289.68,6e-05,False
1741375659804,88289.69,0.0341,False
1741375660258,88290.42,0.00015,False
1741375660532,88290.42,0.0001,False
1741375660532,88290.42,6e-05,False
1741375660532,88290.42,0.01,False
1741375660532,88290.42,0.00013,False
1741375660532,88290.42,6e-05,False
1741375660532,88290.42,6e-05,False
1741375660532,88290.42,6e-05,False
1741375660532,88290.42,6e-05,False
1741375660532,88290.42,6e-05,False
1741375660532,88290.42,0.0001,False
1741375660532,88290.42,0.0001,False
1741375660532,88290.42,0.0001,False
1741375660532,88290.42,0.00109,False
1741375660532,88290.42,7e-05,False
1741375660532,88290.43,6e-05,False
1741375660532,88290.43,6e-05,False
1741375660532,88290.44,0.00014,False
1741375660532,88290.44,6e-05,False
1741375660532,88290.44,6e-05,False
1741375660532,88290.45,6e-05,False
1741375660532,88290.45,6e-05,False
1741375660532,88290.46,0.00056,False
1741375660532,88290.46,6e-05,False
1741375660532,88290.46,6e-05,False
1741375660532,88290.47,6e-05,False
1741375660532,88290.52,0.00013,False
1741375660532,88290.52,6e-05,False
1741375660532,88290.52,0.00014,False
1741375660532,88290.56,6e-05,False
1741375660532,88290.56,6e-05,False
1741375660532,88290.57,0.00505,False
1741375660532,88290.64,0.00012,False
1741375660532,88290.99,0.00022,False
1741375660532,88290.99,0.00013,False
1741375660532,88290.99,0.00013,False
1741375660532,88290.99,0.00013,False
1741375660532,88291.3,6e-05,False
1741375660532,88291.63,7e-05,False
1741375660532,88291.99,8e-05,False
1741375660549,88292.17,6e-05,False
1741375660549,88292.17,0.0001,False
1741375660549,88292.17,6e-05,False
1741375660549,88292.17,6e-05,False
1741375660549,88292.17,6e-05,False
1741375660549,88292.17,6e-05,False
1741375660549,88292.17,6e-05,False
1741375660549,88292.17,0.00057,False
1741375660549,88292.17,6e-05,False
1741375660549,88292.17,6e-05,False
1741375660549,88292.17,7e-05,False
1741375660549,88292.17,6e-05,False
1741375660549,88292.17,6e-05,False
1741375660549,88292.18,0.01132,False
1741375660549,88292.18,6e-05,False
1741375660549,88292.18,6e-05,False
1741375660549,88292.19,6e-05,False
1741375660549,88292.19,6e-05,False
1741375660549,88292.19,6e-05,False
1741375660549,88292.21,0.00051,False
1741375660549,88292.21,6e-05,False
1741375660549,88292.21,6e-05,False
1741375660549,88292.32,8e-05,False
1741375660549,88292.32,8e-05,False
1741375660549,88292.32,6e-05,False
1741375660549,88292.32,6e-05,False
1741375660549,88292.32,6e-05,False
1741375660945,88292.33,0.0001,False
1741375660945,88292.33,6e-05,False
1741375660945,88292.33,0.03411,False
1741375660945,88292.33,0.00348,False
1741375660945,88292.33,6e-05,False
1741375660945,88292.33,6e-05,False
1741375660945,88292.33,6e-05,False
1741375660945,88292.33,6e-05,False
1741375660945,88292.33,6e-05,False
1741375660945,88292.33,0.00013,False
1741375660945,88292.37,0.00057,False
1741375660945,88292.37,6e-05,False
1741375660945,88292.37,6e-05,False
1741375660945,88292.37,0.00013,False
1741375660945,88292.44,0.00013,False
1741375660945,88292.44,6e-05,False
1741375660945,88292.44,6e-05,False
1741375660945,88292.49,0.00013,False
1741375660945,88292.49,6e-05,False
1741375660945,88292.49,6e-05,False
1741375660945,88292.71,6e-05,False
1741375660945,88292.71,6e-05,False
1741375660945,88292.86,0.00011,False
1741375660945,88292.86,6e-05,False
1741375660945,88292.87,6e-05,False
1741375660945,88293.02,6e-05,False
1741375660945,88293.04,0.00012,False
1741375660945,88293.28,7e-05,False
1741375660945,88293.29,6e-05,False
1741375660945,88293.29,6e-05,False
1741375660945,88293.29,6e-05,False
1741375660945,88293.3,6e-05,False
1741375660945,88293.3,9e-05,False
1741375660945,88293.3,9e-05,False
1741375660945,88293.31,0.01258,False
1741375660947,88293.31,0.0067,False
1741375660947,88293.31,0.01392,False
1741375660947,88294.08,6e-05,False
1741375660947,88294.09,0.0104,False
1741375660949,88294.09,0.00092,False
1741375660949,88294.55,0.00028,False
1741375660949,88294.9,0.00017,False
1741375660949,88294.91,0.00055,False
1741375660951,88294.91,0.00013,False
1741375660951,88295.85,0.00026,False
1741375660951,88295.85,6e-05,False
1741375660951,88295.85,0.00011,False
1741375660951,88295.85,0.00011,False
1741375660951,88295.86,0.04447,False
1741375660951,88295.99,0.00018,False
1741375660951,88295.99,6e-05,False
1741375660951,88296.52,6e-05,False
1741375660966,88296.65,0.00012,False
1741375660966,88297.01,9e-05,False
1741375660966,88297.01,9e-05,False
1741375660990,88297.02,0.02255,False
1741375660990,88297.02,0.001,False
1741375660990,88297.76,0.00018,False
1741375660990,88297.77,0.00179,False
1741375660991,88297.77,0.00061,False
1741375660991,88297.95,6e-05,False
1741375660991,88298.21,0.00016,False
1741375661026,88298.17,0.00013,False
1741375661026,88298.21,6e-05,False
1741375661026,88298.78,0.00191,False
1741375661049,88298.78,0.00031,False
1741375661073,88298.78,0.0091,False
1741375661073,88298.78,6e-05,False
1741375661073,88298.78,6e-05,False
1741375661073,88298.78,0.00101,False
1741375661073,88298.83,0.00056,False
1741375661073,88299.37,6e-05,False
1741375661073,88299.37,6e-05,False
1741375661073,88299.85,6e-05,False
1741375661073,88299.85,6e-05,False
1741375661073,88299.86,0.04492,False
1741375661073,88299.86,6e-05,False
1741375661073,88300.0,0.00976,False
1741375661073,88300.0,0.00157,False
1741375661073,88300.28,0.00012,False
1741375661073,88301.36,0.00015,False
1741375661073,88301.62,0.003,False
1741375661073,88301.63,0.00505,False
1741375661073,88302.13,0.00113,False
1741375661073,88302.69,6e-05,False
1741375661073,88302.69,7e-05,False
1741375661073,88302.69,7e-05,False
1741375661073,88302.7,0.11027,False
1741375661073,88303.04,0.00012,False
1741375661073,88303.4,0.00666,False
1741375661073,88303.42,0.01141,False
1741375661073,88303.42,0.01954,False
1741375661073,88304.07,0.01132,False
1741375661073,88304.36,0.003,False
1741375661073,88304.52,0.00012,False
1741375661073,88306.1,0.0462,False
1741375661073,88307.04,0.00012,False
1741375661073,88307.5,6e-05,False
1741375661073,88307.5,7e-05,False
1741375661073,88307.5,7e-05,False
1741375661073,88307.51,0.03439,False
1741375661073,88307.51,0.09203,False
1741375661074,88307.51,0.39223,False
1741375661074,88307.52,0.32625,False
1741375661074,88307.52,0.19503,False
1741375661074,88307.52,0.15917,False
1741375661075,88307.99,0.00011,False
1741375661075,88308.0,0.00267,False
1741375661075,88308.51,7e-05,False
1741375661075,88309.12,0.00413,False
1741375661083,88309.12,0.00932,False
1741375661083,88309.12,0.00105,False
1741375661083,88309.12,0.01345,False
1741375661083,88309.12,0.01345,False
1741375661083,88309.12,0.01345,False
1741375661083,88309.12,0.01345,False
1741375661083,88309.12,0.01345,False
1741375661083,88309.12,0.01345,False
1741375661083,88309.12,0.01345,False
1741375661083,88309.12,0.00038,False
1741375661083,88310.05,0.09267,False
1741375661084,88310.05,0.01232,False
1741375661085,88310.05,0.2072,False
1741375661085,88310.05,0.05959,False
1741375661085,88310.05,0.0628,False
1741375661086,88310.05,0.10845,False
1741375661088,88310.05,0.00882,False
1741375661123,88310.07,0.0221,True
1741375661123,88310.07,0.01179,True
1741375661166,88310.07,0.03389,True
1741375661187,88310.07,0.03389,True
1741375661196,88310.07,0.01219,True
1741375661207,88310.08,0.00056,False
1741375661207,88310.08,6e-05,False
1741375661207,88310.08,6e-05,False
1741375661207,88310.08,6e-05,False
1741375661207,88310.08,0.0001,False
1741375661207,88310.08,6e-05,False
1741375661207,88310.08,6e-05,False
1741375661207,88310.08,6e-05,False
1741375661207,88310.09,0.00086,False
1741375661207,88310.09,6e-05,False
1741375661207,88310.09,6e-05,False
1741375661207,88310.09,6e-05,False
1741375661207,88310.09,0.00084,False
1741375661207,88310.09,0.00073,False
1741375661207,88310.09,9e-05,False
1741375661207,88310.09,0.00084,False
1741375661207,88310.09,0.00034,False
1741375661215,88310.09,0.0005,False
1741375661215,88310.09,0.0001,False
1741375661215,88310.09,6e-05,False
1741375661215,88310.09,6e-05,False
1741375661215,88310.09,6e-05,False
1741375661215,88310.09,6e-05,False
1741375661215,88310.09,6e-05,False
1741375661215,88310.09,8e-05,False
1741375661215,88310.09,6e-05,False
1741375661215,88310.1,6e-05,False
1741375661215,88310.1,6e-05,False
1741375661288,88310.12,0.00013,False
1741375661288,88310.12,6e-05,False
1741375661288,88310.12,6e-05,False
1741375661288,88310.12,6e-05,False
1741375661288,88310.12,6e-05,False
1741375661288,88310.12,7e-05,False
1741375661288,88310.12,0.00056,False
1741375661288,88310.12,6e-05,False
1741375661288,88310.12,6e-05,False
1741375661288,88310.12,0.0001,False
1741375661288,88310.12,0.00157,False
1741375661288,88310.12,0.00279,False
1741375661306,88310.12,0.0001,False
1741375661306,88310.12,6e-05,False
1741375661306,88310.12,6e-05,False
1741375661306,88310.12,6e-05,False
1741375661306,88310.12,6e-05,False
1741375661306,88310.12,6e-05,False
1741375661306,88310.12,6e-05,False
1741375661306,88310.12,6e-05,False
1741375661306,88310.12,0.00056,False
1741375661306,88310.13,6e-05,False
1741375661306,88310.13,6e-05,False
1741375661306,88310.14,6e-05,False
1741375661306,88310.14,6e-05,False
1741375661306,88310.16,0.00052,False
1741375661306,88310.16,6e-05,False
1741375661306,88310.16,6e-05,False
1741375661306,88310.17,0.00071,False
1741375661306,88310.17,6e-05,False
1741375661306,88310.17,6e-05,False
1741375661306,88310.19,0.00013,False
1741375661306,88310.19,6e-05,False
1741375661306,88310.22,6e-05,False
1741375661306,88310.23,6e-05,False
1741375661306,88310.28,0.00014,False
1741375661306,88311.24,6e-05,False
1741375661306,88311.24,6e-05,False
1741375661306,88311.82,8e-05,False
1741375661306,88311.82,0.00017,False
1741375661306,88311.83,6e-05,False
1741375661312,88311.84,0.00656,False
1741375661312,88311.84,0.001,False
1741375661312,88311.84,0.0001,False
1741375661312,88311.84,6e-05,False
1741375661312,88311.84,6e-05,False
1741375661312,88311.84,6e-05,False
1741375661312,88311.84,6e-05,False
1741375661312,88311.84,6e-05,False
1741375661312,88311.84,6e-05,False
1741375661312,88311.84,0.00068,False
1741375661312,88311.85,9e-05,False
1741375661312,88311.88,0.00057,False
1741375661312,88313.08,6e-05,False
1741375661312,88313.08,6e-05,False
1741375661312,88313.11,7e-05,False
1741375661312,88313.2,7e-05,False
1741375661312,88313.21,6e-05,False
1741375661312,88313.21,6e-05,False
1741375661312,88313.21,6e-05,False
1741375661312,88313.22,0.0012,False
1741375661322,88313.21,0.00278,True
1741375661532,88313.22,0.00013,False
1741375661998,88313.22,0.00099,False
1741375662070,88313.22,6e-05,False
1741375662070,88313.22,6e-05,False
1741375662070,88313.22,6e-05,False
1741375662070,88313.22,0.0001,False
1741375662070,88313.22,6e-05,False
1741375662070,88313.22,6e-05,False
1741375662070,88313.22,0.00013,False
1741375662070,88313.22,6e-05,False
1741375662070,88313.22,0.00238,False
1741375662070,88313.22,6e-05,False
1741375662070,88313.22,6e-05,False
1741375662070,88313.22,6e-05,False
1741375662070,88313.22,6e-05,False
1741375662070,88313.22,0.0001,False
1741375662070,88313.22,0.0001,False
1741375662070,88313.22,6e-05,False
1741375662070,88313.22,0.0001,False
1741375662070,88313.22,6e-05,False
1741375662070,88313.22,6e-05,False
1741375662070,88313.22,0.0001,False
1741375662070,88313.22,0.00052,False
1741375662070,88313.24,6e-05,False
1741375662070,88313.24,6e-05,False
1741375662070,88313.24,6e-05,False
1741375662070,88313.25,6e-05,False
1741375662070,88313.25,6e-05,False
1741375662070,88313.26,6e-05,False
1741375662070,88313.26,6e-05,False
1741375662070,88313.26,0.00013,False
1741375662070,88313.28,6e-05,False
1741375662070,88313.28,6e-05,False
1741375662070,88313.31,0.00058,False
1741375662070,88313.31,6e-05,False
1741375662070,88313.32,6e-05,False
1741375662070,88313.33,0.00014,False
1741375662070,88313.33,6e-05,False
1741375662070,88313.38,0.00014,False
1741375662070,88313.51,6e-05,False
1741375662070,88313.84,0.0001,False
1741375662070,88313.99,0.00013,False
1741375662070,88313.99,0.00013,False
1741375662070,88314.4,6e-05,False
1741375662070,88315.21,0.0001,False
1741375662070,88315.55,7e-05,False
1741375662070,88317.36,6e-05,False
1741375662070,88317.37,0.03151,False
1741375662070,88317.93,0.00028,False
1741375662070,88317.98,0.00012,False
1741375662070,88317.99,7e-05,False
1741375662070,88317.99,7e-05,False
1741375662073,88318.76,7e-05,False
1741375662073,88318.84,6e-05,False
1741375662073,88319.25,6e-05,False
1741375662073,88319.25,0.00018,False
1741375662253,88319.25,6e-05,True
1741375662253,88319.25,6e-05,True
1741375662253,88319.25,0.00013,True
1741375662253,88319.25,0.00315,True
1741375662254,88319.25,0.00279,True
1741375662333,88319.25,0.00562,True
1741375662345,88319.25,0.00014,True
1741375662345,88319.25,0.00014,True
1741375662345,88319.25,0.04584,True
1741375662345,88319.25,6e-05,True
1741375662345,88319.25,0.00013,True
1741375662345,88319.24,6e-05,True
1741375662345,88319.18,0.00013,True
1741375662345,88319.18,6e-05,True
1741375662347,88318.88,6e-05,True
1741375662347,88318.85,6e-05,True
1741375662347,88318.78,6e-05,True
1741375662347,88318.77,6e-05,True
1741375662347,88318.76,6e-05,True
1741375662566,88318.0,6e-05,True
1741375662566,88318.0,6e-05,True
1741375662566,88318.0,0.00014,True
1741375662566,88318.0,0.00038,True
1741375662566,88318.0,0.00014,True
1741375663137,88317.99,0.00025,True
1741375664219,88318.0,6e-05,False
1741375664219,88318.0,6e-05,False
1741375664219,88318.0,6e-05,False
1741375664219,88318.0,6e-05,False
1741375664219,88318.0,0.0002,False
1741375664219,88318.0,0.00014,False
1741375664219,88318.0,0.00014,False
1741375664219,88318.0,6e-05,False
1741375664219,88318.0,6e-05,False
1741375664219,88318.0,0.00014,False
1741375664219,88318.0,0.00195,False
1741375664219,88318.0,0.0001,False
1741375664219,88318.0,0.0001,False
1741375664219,88318.0,0.00069,False
1741375664219,88318.01,6e-05,False
1741375664219,88318.01,6e-05,False
1741375664219,88318.02,6e-05,False
1741375664219,88318.02,6e-05,False
1741375664219,88318.03,6e-05,False
1741375664219,88318.03,6e-05,False
1741375664219,88318.03,0.00055,False
1741375664219,88318.04,6e-05,False
1741375664219,88318.04,6e-05,False
1741375664219,88318.05,6e-05,False
1741375664219,88318.06,6e-05,False
1741375664219,88318.84,6e-05,False
1741375664219,88318.84,6e-05,False
1741375664219,88318.88,0.00025,False
1741375664219,88318.88,0.00025,False
1741375664219,88318.88,0.00019,False
1741375664219,88319.65,7e-05,False
1741375664219,88319.73,6e-05,False
1741375664219,88319.75,6e-05,False
1741375664219,88320.18,6e-05,False
1741375664219,88320.18,9e-05,False
1741375664261,88320.19,6e-05,False
1741375664261,88320.19,6e-05,False
1741375664261,88320.19,6e-05,False
1741375664261,88320.19,0.00293,False
1741375664261,88320.19,0.0001,False
1741375664261,88320.19,6e-05,False
1741375664261,88320.19,6e-05,False
1741375664261,88320.19,6e-05,False
1741375664261,88320.2,0.00011,False
1741375664261,88320.2,6e-05,False
1741375664261,88320.2,6e-05,False
1741375664261,88320.22,0.0001,False
1741375664261,88320.22,0.00046,False
1741375664261,88320.22,6e-05,False
1741375664261,88320.22,6e-05,False
1741375664261,88320.35,0.00014,False
1741375664263,88320.61,6e-05,False
1741375664263,88320.61,6e-05,False
1741375664263,88320.61,0.0001,False
1741375664263,88321.24,0.00011,False
1741375664263,88321.24,0.00011,False
1741375664263,88321.24,6e-05,False
1741375664263,88321.24,6e-05,False
1741375664263,88321.57,9e-05,False
1741375664263,88321.57,6e-05,False
1741375664263,88321.74,0.00012,False
1741375664263,88321.74,6e-05,False
1741375664263,88321.98,0.00011,False
1741375664263,88321.98,0.0001,False
1741375664263,88321.98,6e-05,False
1741375664263,88321.99,0.00013,False
1741375664263,88321.99,0.00013,False
1741375664263,88321.99,0.00015,False
1741375664263,88321.99,0.00015,False
1741375664263,88321.99,0.00015,False
1741375664266,88322.39,6e-05,False
1741375664293,88323.9,0.0001,False
1741375664293,88323.9,6e-05,False
1741375664293,88323.9,6e-05,False
1741375664293,88323.9,6e-05,False
1741375664293,88323.9,6e-05,False
1741375664293,88323.9,0.00056,False
1741375664293,88323.9,6e-05,False
1741375664293,88323.9,6e-05,False
1741375664293,88323.93,0.00056,False
1741375664293,88323.93,6e-05,False
1741375664293,88323.93,6e-05,False
1741375664293,88323.96,0.0001,False
1741375664293,88323.96,0.0001,False
1741375664293,88323.96,6e-05,False
1741375664293,88323.96,6e-05,False
1741375664293,88323.97,6e-05,False
1741375664293,88323.97,6e-05,False
1741375664293,88323.98,0.0001,False
1741375664293,88323.98,6e-05,False
1741375664293,88323.98,6e-05,False
1741375664296,88324.0,0.0001,False
1741375664296,88324.0,6e-05,False
1741375664296,88324.0,0.0001,False
1741375664296,88324.0,6e-05,False
1741375664296,88324.0,6e-05,False
1741375664296,88324.0,6e-05,False
1741375664296,88324.17,6e-05,False
1741375664296,88324.17,6e-05,False
1741375664296,88324.5,6e-05,False
1741375664296,88324.5,6e-05,False
1741375664296,88325.09,6e-05,False
1741375664637,88325.09,0.00532,True
1741375665274,88325.1,0.00016,False
1741375665834,88325.09,7e-05,True
1741375666213,88325.1,0.00112,False
1741375666213,88325.1,6e-05,False
1741375666213,88325.1,6e-05,False
1741375666213,88325.1,6e-05,False
1741375666213,88325.1,0.00025,False
1741375666213,88325.1,0.00014,False
1741375666213,88325.1,0.00931,False
1741375666480,88325.1,7e-05,False
1741375666674,88325.1,0.01048,False
1741375667535,88325.09,0.00045,True
1741375667905,88325.1,0.01138,False
1741375667923,88325.1,0.0001,False
1741375667981,88325.1,6e-05,False
1741375667981,88325.1,6e-05,False
1741375667981,88325.1,6e-05,False
1741375667981,88325.1,0.01336,False
1741375667981,88325.1,6e-05,False
1741375667981,88325.1,6e-05,False
1741375667981,88325.1,6e-05,False
1741375667981,88325.1,0.00013,False
1741375667981,88325.1,0.00014,False
1741375667981,88325.1,0.0001,False
1741375667981,88325.1,8e-05,False
1741375667981,88325.1,0.00141,False
1741375667981,88325.1,0.0001,False
1741375667981,88325.1,0.01336,False
1741375667981,88325.1,0.01336,False
1741375667981,88325.1,0.01336,False
1741375667981,88325.1,0.01336,False
1741375667981,88325.1,0.00834,False
1741375667981,88325.11,6e-05,False
1741375667981,88325.11,6e-05,False
1741375667981,88325.11,0.00054,False
1741375667981,88325.11,0.00052,False
1741375667981,88325.12,6e-05,False
1741375667981,88325.12,6e-05,False
1741375667981,88325.12,0.00013,False
1741375667981,88325.13,6e-05,False
1741375667981,88325.13,6e-05,False
1741375667981,88325.15,6e-05,False
1741375667981,88325.15,6e-05,False
1741375667981,88325.17,6e-05,False
1741375667981,88325.19,6e-05,False
1741375667981,88325.23,6e-05,False
1741375667981,88325.55,0.00018,False
1741375667981,88325.55,8e-05,False
1741375667981,88325.55,8e-05,False
1741375667981,88325.94,6e-05,False
1741375667981,88326.03,0.00021,False
1741375667981,88326.04,0.00017,False
1741375667981,88326.63,0.00021,False
1741375667981,88326.64,0.00016,False
1741375667981,88326.83,6e-05,False
1741375667981,88326.94,9e-05,False
1741375667981,88327.72,6e-05,False
1741375667981,88327.99,0.00014,False
1741375667981,88327.99,7e-05,False
1741375667981,88327.99,7e-05,False
1741375667981,88327.99,6e-05,False
1741375668037,88328.0,0.0001,False
1741375668037,88328.0,6e-05,False
1741375668037,88328.0,0.0001,False
1741375668037,88328.0,0.0001,False
1741375668037,88328.0,6e-05,False
1741375668037,88328.0,6e-05,False
1741375668037,88328.0,6e-05,False
1741375668037,88328.0,6e-05,False
1741375668037,88328.0,0.00014,False
1741375668037,88328.0,0.0001,False
1741375668037,88328.0,0.00012,False
1741375668037,88328.0,0.00012,False
1741375668037,88328.0,0.00012,False
1741375668037,88328.0,9e-05,False
1741375668037,88328.0,6e-05,False
1741375668037,88328.0,6e-05,False
1741375668037,88328.0,0.00055,False
1741375668293,88328.01,0.03072,False
1741375668293,88328.01,0.00054,False
1741375668293,88328.01,6e-05,False
1741375668293,88328.01,0.00235,False
1741375668293,88328.01,0.0001,False
1741375668293,88328.01,6e-05,False
1741375668293,88328.01,6e-05,False
1741375668293,88328.01,6e-05,False
1741375668293,88328.01,6e-05,False
1741375668293,88328.01,0.00014,False
1741375668293,88328.01,6e-05,False
1741375668293,88328.02,6e-05,False
1741375668293,88328.02,6e-05,False
1741375668293,88328.02,7e-05,False
1741375668296,88328.02,0.00045,False
1741375668296,88328.02,6e-05,False
1741375668296,88328.02,6e-05,False
1741375668296,88328.02,6e-05,False
1741375668296,88328.02,6e-05,False
1741375668296,88328.02,0.0001,False
1741375668296,88328.02,6e-05,False
1741375668296,88328.03,6e-05,False
1741375668296,88328.03,6e-05,False
1741375668296,88328.12,0.00014,False
1741375668296,88328.12,6e-05,False
1741375668296,88328.12,6e-05,False
1741375668296,88328.17,0.00013,False
1741375668296,88328.17,6e-05,False
1741375668296,88328.17,6e-05,False
1741375668296,88328.61,6e-05,False
1741375668296,88328.61,6e-05,False
1741375668296,88328.61,6e-05,False
1741375668296,88329.48,7e-05,False
1741375668296,88329.48,6e-05,False
1741375668296,88329.49,6e-05,False
1741375668296,88329.51,0.00013,False
1741375668296,88329.51,6e-05,False
1741375668296,88329.51,6e-05,False
1741375668305,88329.52,0.00505,False
1741375668305,88329.52,0.001,False
1741375668305,88329.52,6e-05,False
1741375668305,88329.52,6e-05,False
1741375668305,88329.52,0.00053,False
1741375668305,88329.52,0.0001,False
1741375668305,88329.52,6e-05,False
1741375668305,88329.52,6e-05,False
1741375668305,88329.52,6e-05,False
1741375668305,88329.52,6e-05,False
1741375668305,88329.52,6e-05,False
1741375668305,88329.53,0.00051,False
1741375668305,88329.53,6e-05,False
1741375668305,88329.53,6e-05,False
1741375668305,88329.97,6e-05,False
1741375668305,88329.97,6e-05,False
1741375668305,88329.97,6e-05,False
1741375668305,88329.98,0.0001,False
1741375668305,88329.98,0.0001,False
1741375668305,88329.98,0.0001,False
1741375668305,88329.98,6e-05,False
1741375668305,88329.98,6e-05,False
1741375668305,88329.99,0.00013,False
1741375668305,88329.99,0.00013,False
1741375668305,88329.99,6e-05,False
1741375668305,88329.99,6e-05,False
1741375668305,88329.99,6e-05,False
1741375668308,88330.0,6e-05,False
1741375668308,88330.0,0.0001,False
1741375668308,88330.06,0.00011,False
1741375668308,88330.06,6e-05,False
1741375668310,88330.38,6e-05,False
1741375668310,88330.38,6e-05,False
1741375668310,88330.66,6e-05,False
1741375668310,88330.66,6e-05,False
1741375668336,88330.67,0.001,False
1741375668336,88330.67,0.0001,False
1741375668336,88330.67,6e-05,False
1741375668336,88330.67,6e-05,False
1741375668336,88330.67,6e-05,False
1741375668336,88330.67,6e-05,False
1741375668336,88330.67,6e-05,False
1741375668336,88330.67,6e-05,False
1741375668336,88330.67,0.00055,False
1741375668336,88330.67,0.00013,False
1741375668336,88330.75,0.00284,False
1741375668336,88330.75,6e-05,False
1741375668336,88330.75,6e-05,False
1741375668336,88331.17,6e-05,False
1741375668336,88331.17,6e-05,False
1741375668336,88331.17,6e-05,False
1741375668336,88331.17,6e-05,False
1741375668336,88331.17,6e-05,False
1741375668336,88331.17,6e-05,False
1741375668336,88331.17,6e-05,False
1741375668553,88331.17,0.0001,True
1741375669151,88331.17,0.0001,True
1741375669151,88331.17,6e-05,True
1741375669151,88331.17,0.0001,True
1741375669151,88331.17,0.0001,True
1741375669151,88331.17,6e-05,True
1741375669151,88331.17,0.00261,True
1741375669151,88331.17,6e-05,True
1741375669151,88331.17,0.00013,True
1741375669151,88331.17,6e-05,True
1741375669151,88331.17,0.08844,True
1741375669151,88331.17,0.0001,True
1741375669151,88331.17,6e-05,True
1741375669151,88331.17,0.00014,True
1741375669151,88331.17,0.0001,True
1741375669151,88331.17,6e-05,True
1741375669151,88331.17,0.0001,True
1741375669151,88331.17,0.0001,True
1741375669151,88331.17,6e-05,True
1741375669151,88331.17,6e-05,True
1741375669151,88331.07,0.00013,True
1741375669151,88331.07,6e-05,True
1741375669151,88331.02,0.00014,True
1741375669151,88331.02,6e-05,True
1741375669151,88330.7,6e-05,True
1741375669151,88330.69,6e-05,True
1741375669151,88330.68,6e-05,True
1741375669151,88330.67,6e-05,True
1741375669151,88330.67,6e-05,True
1741375669151,88330.66,0.00503,True
1741375669151,88330.66,6e-05,True
1741375669153,88330.39,6e-05,True
1741375669153,88328.77,0.00011,True
1741375669153,88328.77,0.00011,True
1741375669153,88328.77,0.00011,True
1741375669153,88328.77,6e-05,True
1741375669172,88328.76,0.01132,True
1741375669172,88328.76,0.003,True
1741375669172,88328.76,6e-05,True
1741375669172,88328.76,0.0001,True
1741375669172,88328.62,6e-05,True
1741375669172,88328.62,6e-05,True
1741375669172,88328.01,6e-05,True
1741375669172,88328.01,6e-05,True
1741375669203,88328.0,0.03749,True
1741375669203,88328.0,6e-05,True
1741375669203,88328.0,0.0001,True
1741375669203,88327.99,0.0001,True
1741375669203,88327.99,6e-05,True
1741375669203,88327.83,6e-05,True
1741375669203,88327.73,6e-05,True
1741375669206,88326.25,6e-05,True
1741375669206,88326.24,0.00204,True
1741375669217,88326.24,0.00928,True
1741375669217,88326.24,6e-05,True
1741375669217,88326.24,0.0001,True
1741375669217,88326.24,0.00014,True
1741375669217,88326.23,9e-05,True
1741375669217,88326.01,6e-05,True
1741375669217,88326.01,6e-05,True
1741375669217,88326.01,0.00014,True
1741375669217,88326.01,0.00014,True
1741375669217,88326.01,0.00014,True
1741375669217,88326.0,0.003,True
1741375669217,88325.09,0.00018,True
1741375669217,88325.09,6e-05,True
1741375669217,88325.01,6e-05,True
1741375669217,88325.01,6e-05,True
1741375669217,88325.0,0.01014,True
1741375669217,88325.0,6e-05,True
1741375669217,88323.61,6e-05,True
1741375669217,88323.6,0.02513,True
1741375669217,88323.6,0.00497,True
1741375669217,88323.57,0.00452,True
1741375669219,88322.01,6e-05,True
1741375669219,88321.75,0.00012,True
1741375669219,88321.06,0.01005,True
1741375669219,88321.06,6e-05,True
1741375669219,88320.22,6e-05,True
1741375669219,88320.22,0.04046,True
1741375669219,88320.22,0.02467,True
1741375669219,88320.22,0.05058,True
1741375669219,88320.22,0.02455,True
1741375669220,88320.22,0.0165,True
1741375669220,88320.22,0.0632,True
1741375669221,88321.07,6e-05,True
1741375669267,88320.21,0.0001,True
1741375669267,88320.01,0.0003,True
1741375669267,88320.01,0.0003,True
1741375669267,88320.01,0.0003,True
1741375669273,88320.0,6e-05,True
1741375669273,88320.0,0.0001,True
1741375669273,88319.99,0.00031,True
1741375669273,88319.19,6e-05,True
1741375669273,88319.18,0.00467,True
1741375669368,88319.18,0.00665,True
1741375669368,88319.18,0.0001,True
1741375669368,88319.18,0.00467,True
1741375669368,88319.18,7e-05,True
1741375669368,88319.18,0.00013,True
1741375669368,88319.17,6e-05,True
1741375669368,88319.16,0.003,True
1741375669368,88319.07,0.00013,True
1741375669368,88319.02,0.00014,True
1741375669368,88318.84,6e-05,True
1741375669368,88318.83,0.0015,True
1741375669368,88318.83,6e-05,True
1741375669368,88318.83,6e-05,True
1741375669368,88318.83,6e-05,True
1741375669368,88318.23,9e-05,True
1741375669368,88318.0,6e-05,True
1741375669368,88317.99,0.00811,True
1741375669368,88317.99,0.00627,True
1741375669371,88314.22,6e-05,True
1741375669371,88314.21,0.00224,True
1741375669393,88314.21,0.0001,True
1741375669393,88314.21,0.0001,True
1741375669393,88314.21,0.0001,True
1741375669393,88314.21,0.0001,True
1741375669393,88314.2,0.0002,True
1741375669393,88314.07,0.00012,True
1741375669393,88313.3,0.00027,True
1741375669393,88313.3,6e-05,True
1741375669393,88313.3,0.00027,True
1741375669393,88313.3,0.00027,True
1741375669393,88313.3,6e-05,True
1741375669395,88312.45,0.01132,True
1741375669395,88311.48,0.00028,True
1741375669395,88311.32,0.00012,True
1741375669395,88311.25,0.00012,True
1741375669396,88311.07,6e-05,True
1741375669396,88310.42,6e-05,True
1741375669396,88310.41,0.003,True
1741375669396,88310.27,0.00012,True
1741375669397,88309.56,0.02925,True
1741375669401,88309.57,6e-05,True
1741375669401,88308.22,0.00012,True
1741375669401,88308.12,7e-05,True
1741375669401,88307.87,6e-05,True
1741375669401,88307.15,6e-05,True
1741375669401,88307.15,0.00183,True
1741375669408,88307.16,6e-05,True
1741375669408,88307.15,1e-05,True
1741375669449,88307.16,0.00015,False
1741375669526,88307.15,0.00948,True
1741375669526,88307.15,0.00031,True
1741375669526,88307.15,0.00031,True
1741375669526,88307.15,0.0001,True
1741375669526,88307.14,0.00035,True
1741375669526,88307.05,9e-05,True
1741375669526,88307.04,0.00014,True
1741375669526,88306.99,0.00014,True
1741375669526,88306.27,5e-05,True
1741375669526,88306.27,6e-05,True
1741375669528,88306.27,0.00024,True
1741375669528,88305.53,6e-05,True
1741375669528,88304.03,6e-05,True
1741375669637,88304.02,0.00025,True
1741375670005,88304.02,0.02308,True
1741375670007,88304.02,0.00523,True
1741375670007,88304.02,0.00016,True
1741375670007,88304.02,0.00013,True
1741375670007,88304.02,0.0001,True
1741375670007,88304.02,0.00013,True
1741375670007,88304.02,6e-05,True
1741375670007,88304.02,0.0001,True
1741375670007,88304.02,0.0001,True
1741375670007,88304.02,0.0001,True
1741375670007,88304.01,0.00016,True
1741375670007,88304.01,0.00012,True
1741375670007,88304.01,0.00016,True
1741375670007,88304.01,6e-05,True
1741375670007,88303.94,6e-05,True
1741375670007,88303.9,6e-05,True
1741375670009,88303.25,6e-05,True
1741375670009,88303.25,0.0001,True
1741375670009,88303.24,6e-05,True
1741375670009,88303.23,6e-05,True
1741375670009,88302.91,0.00023,True
1741375670009,88302.91,6e-05,True
1741375670009,88302.86,6e-05,True
1741375670009,88301.97,6e-05,True
1741375670031,88301.96,0.00511,True
1741375670031,88301.96,0.0001,True
1741375670031,88301.96,0.00013,True
1741375670031,88301.95,0.0001,True
1741375670031,88301.27,0.0001,True
1741375670031,88301.26,6e-05,True
1741375670031,88301.26,0.00013,True
1741375670031,88301.26,0.00013,True
1741375670031,88301.26,0.00013,True
1741375670031,88301.25,0.00012,True
1741375670031,88301.25,6e-05,True
1741375670031,88301.25,6e-05,True
1741375670031,88301.24,0.003,True
1741375670031,88301.24,6e-05,True
1741375670031,88300.98,6e-05,True
1741375670031,88300.98,6e-05,True
1741375670031,88300.97,0.01132,True
1741375670031,88300.0,6e-05,True
1741375670031,88298.79,0.00012,True
1741375670031,88298.58,0.02671,True
1741375670031,88298.01,0.00013,True
1741375670031,88297.01,0.00023,True
1741375670031,88296.19,9e-05,True
1741375670031,88294.93,6e-05,True
1741375670033,88294.22,0.00012,True
1741375670033,88294.06,6e-05,True
1741375670107,88294.06,0.00031,False
1741375670116,88294.05,0.003,True
1741375670116,88294.05,0.0001,True
1741375670116,88294.04,0.0004,True
1741375670116,88293.94,0.00014,True
1741375670116,88293.89,0.00013,True
1741375670116,88293.07,6e-05,True
1741375670116,88293.06,0.0007,True
1741375670116,88293.06,0.00041,True
1741375670116,88293.06,0.00041,True
1741375670116,88293.06,0.00041,True
1741375670116,88293.06,0.00013,True
1741375670116,88292.51,6e-05,True
1741375670138,88292.5,0.00025,True
1741375670403,88292.5,0.00749,True
1741375670547,88292.5,0.00662,True
1741375671074,88292.5,0.00286,True
1741375671142,88292.5,0.00025,True
1741375671321,88292.5,0.0001,True
1741375671619,88292.51,0.001,False
1741375672101,88292.5,7e-05,True
1741375672194,88292.5,6e-05,True
1741375672194,88292.5,0.00022,True
1741375673315,88292.5,0.00555,True
1741375673315,88292.5,0.00566,True
1741375673315,88292.5,0.00031,True
1741375673315,88292.5,0.0001,True
1741375673315,88292.5,6e-05,True
1741375673315,88292.5,0.00566,True
1741375673315,88292.5,0.00013,True
1741375673315,88292.5,0.00037,True
1741375673315,88292.5,0.0005,True
1741375673315,88292.5,0.0001,True
1741375673315,88292.5,0.00012,True
1741375673315,88292.49,6e-05,True
1741375673315,88292.49,0.00013,True
1741375673315,88292.46,6e-05,True
1741375673315,88292.45,6e-05,True
1741375673315,88292.44,6e-05,True
1741375673315,88292.43,6e-05,True
1741375673315,88292.42,6e-05,True
1741375673315,88292.42,6e-05,True
1741375673907,88292.41,0.00018,True
1741375673970,88292.42,6e-05,False
1741375673970,88292.42,6e-05,False
1741375673970,88292.42,6e-05,False
1741375673970,88292.42,6e-05,False
1741375673970,88292.42,6e-05,False
1741375673970,88292.42,6e-05,False
1741375673970,88292.42,0.00014,False
1741375673970,88292.42,0.0011,False
1741375673970,88292.42,0.00013,False
1741375673970,88292.42,0.0001,False
1741375673970,88292.43,6e-05,False
1741375673970,88292.43,6e-05,False
1741375673970,88292.44,6e-05,False
1741375673970,88292.44,6e-05,False
1741375673970,88292.44,0.00053,False
1741375673970,88292.45,6e-05,False
1741375673970,88292.45,6e-05,False
1741375673970,88292.46,6e-05,False
1741375673970,88292.46,6e-05,False
1741375673970,88292.47,6e-05,False
1741375673970,88292.48,6e-05,False
1741375673970,88292.5,6e-05,False
1741375674321,88292.51,0.0001,False
1741375674321,88292.51,6e-05,False
1741375674321,88292.51,0.00057,False
1741375674321,88292.51,6e-05,False
1741375674321,88292.51,0.00366,False
1741375674387,88292.51,0.02434,False
1741375674387,88292.51,0.002,False
1741375674387,88292.51,6e-05,False
1741375674387,88292.51,6e-05,False
1741375674387,88292.51,6e-05,False
1741375674387,88292.51,6e-05,False
1741375674387,88292.51,0.00013,False
1741375674387,88292.51,0.0001,False
1741375674387,88292.51,6e-05,False
1741375674387,88292.51,6e-05,False
1741375674387,88292.52,0.00013,False
1741375674387,88292.52,6e-05,False
1741375674387,88292.52,6e-05,False
1741375674387,88292.53,0.00057,False
1741375674387,88292.53,6e-05,False
1741375674387,88292.53,6e-05,False
1741375674387,88292.62,0.00013,False
1741375674387,88292.62,6e-05,False
1741375674387,88292.62,6e-05,False
1741375674387,88292.67,0.00013,False
1741375674387,88292.67,6e-05,False
1741375674387,88292.67,6e-05,False
1741375674389,88293.08,6e-05,False
1741375674389,88293.71,6e-05,False
1741375674389,88293.71,6e-05,False
1741375674389,88293.71,0.0001,False
1741375674389,88293.71,8e-05,False
1741375674390,88293.71,2e-05,False
1741375674390,88293.72,0.00315,False
1741375674390,88293.72,0.01718,False
1741375674390,88293.72,6e-05,False
1741375674416,88294.26,6e-05,False
1741375674416,88294.26,6e-05,False
1741375674416,88294.26,6e-05,False
1741375674416,88294.26,0.0001,False
1741375674416,88294.26,6e-05,False
1741375674416,88294.26,6e-05,False
1741375674416,88294.26,0.00056,False
1741375674416,88294.26,6e-05,False
1741375674416,88294.26,6e-05,False
1741375674416,88294.27,0.01132,False
1741375674416,88294.27,6e-05,False
1741375674416,88294.27,6e-05,False
1741375674416,88294.28,0.00056,False
1741375674416,88294.28,6e-05,False
1741375674416,88294.28,6e-05,False
1741375674416,88294.45,6e-05,False
1741375674416,88294.45,6e-05,False
1741375674416,88294.86,6e-05,False
1741375674416,88294.86,6e-05,False
1741375674416,88294.86,6e-05,False
1741375674416,88295.24,6e-05,False
1741375674416,88295.24,6e-05,False
1741375674416,88295.39,6e-05,False
1741375674416,88295.39,6e-05,False
1741375674416,88295.4,0.005,False
1741375674416,88295.4,6e-05,False
1741375674416,88295.74,6e-05,False
1741375674416,88297.08,0.03259,False
1741375674416,88297.99,0.00013,False
1741375674416,88297.99,0.00013,False
1741375674416,88297.99,6e-05,False
1741375674482,88298.0,0.0001,False
1741375674482,88298.0,6e-05,False
1741375674482,88298.0,6e-05,False
1741375674482,88298.0,6e-05,False
1741375674482,88298.0,6e-05,False
1741375674482,88298.0,6e-05,False
1741375674482,88298.0,6e-05,False
1741375674482,88298.01,0.00013,False
1741375674482,88298.01,6e-05,False
1741375674482,88298.01,6e-05,False
1741375674482,88298.01,0.00014,False
1741375674482,88298.02,0.00106,False
1741375674482,88298.02,6e-05,False
1741375674482,88298.02,6e-05,False
1741375674482,88298.28,6e-05,False
1741375674482,88298.28,6e-05,False
1741375674482,88298.41,6e-05,False
1741375674482,88298.41,6e-05,False
1741375674482,88298.78,0.00012,False
1741375674482,88298.78,6e-05,False
1741375674482,88299.54,0.00031,False
1741375674482,88299.54,0.00024,False
1741375674489,88299.53,0.03389,True
1741375674494,88299.53,0.03389,True
1741375674499,88299.53,0.02242,True
1741375674499,88299.53,0.01147,True
1741375674506,88299.53,0.01528,True
1741375674516,88299.54,6e-05,False
1741375674516,88299.54,0.0001,False
1741375674516,88299.54,6e-05,False
1741375674516,88299.54,6e-05,False
1741375674516,88299.54,6e-05,False
1741375674516,88299.54,6e-05,False
1741375674516,88299.54,6e-05,False
1741375674516,88299.54,0.00054,False
1741375674516,88299.55,6e-05,False
1741375674516,88299.55,6e-05,False
1741375674516,88299.55,7e-05,False
1741375674516,88299.55,6e-05,False
1741375674516,88299.55,0.00031,False
1741375674516,88299.56,0.01132,False
1741375674516,88299.56,6e-05,False
1741375674516,88299.56,6e-05,False
1741375674516,88299.56,0.00097,False
1741375674516,88299.72,6e-05,False
1741375674516,88299.72,6e-05,False
1741375674516,88299.72,6e-05,False
1741375675046,88299.73,0.0001,False
1741375675234,88299.72,0.00169,True
1741375675864,88299.73,0.00041,False
1741375676245,88299.73,6e-05,False
1741375676245,88299.73,0.00014,False
1741375676245,88299.73,6e-05,False
1741375676245,88299.73,6e-05,False
1741375676245,88299.73,6e-05,False
1741375676245,88299.73,9e-05,False
1741375676245,88299.73,0.00654,False
1741375676245,88299.73,8e-05,False
1741375676245,88299.73,6e-05,False
1741375676245,88299.73,6e-05,False
1741375676245,88299.73,0.0001,False
1741375676245,88299.73,0.0001,False
1741375676245,88299.73,0.00074,False
1741375676245,88299.73,6e-05,False
1741375676245,88299.74,6e-05,False
1741375676245,88299.74,6e-05,False
1741375676245,88299.74,0.00057,False
1741375676245,88299.75,6e-05,False
1741375676245,88299.75,4e-05,False
1741375676245,88299.75,2e-05,False
1741375676245,88299.76,0.00013,False
1741375676245,88299.76,6e-05,False
1741375676245,88299.76,6e-05,False
1741375676245,88299.78,6e-05,False
1741375676245,88299.78,6e-05,False
1741375676245,88299.8,6e-05,False
1741375676245,88299.82,6e-05,False
1741375676245,88299.84,0.00013,False
1741375676245,88299.84,6e-05,False
1741375676245,88299.89,0.00013,False
1741375676245,88299.98,6e-05,False
1741375676245,88299.99,0.00507,False
1741375676245,88300.0,0.00024,False
1741375676245,88301.28,9e-05,False
1741375676245,88301.28,9e-05,False
1741375676245,88301.28,9e-05,False
1741375676245,88301.29,6e-05,False
1741375676245,88301.3,0.01132,False
1741375676247,88303.99,6e-05,False
1741375676247,88303.99,8e-05,False
1741375676247,88303.99,8e-05,False
1741375676268,88304.0,0.001,False
1741375676268,88304.0,0.0001,False
1741375676268,88304.0,6e-05,False
1741375676268,88304.0,6e-05,False
1741375676268,88304.0,0.00058,False
1741375676268,88304.0,6e-05,False
1741375676268,88304.0,6e-05,False
1741375676268,88304.0,6e-05,False
1741375676268,88304.0,6e-05,False
1741375676268,88304.01,0.00021,False
1741375676268,88304.01,0.00055,False
1741375676268,88304.01,6e-05,False
1741375676268,88304.01,6e-05,False
1741375676268,88304.03,0.00013,False
1741375676268,88304.03,6e-05,False
1741375676268,88304.03,6e-05,False
1741375676268,88304.07,6e-05,False
1741375676268,88304.07,9e-05,False
1741375676268,88304.07,9e-05,False
1741375676268,88304.07,6e-05,False
1741375676268,88304.07,6e-05,False
1741375676270,88304.08,0.0297,False
1741375676274,88304.08,0.00164,False
1741375676274,88304.08,6e-05,False
1741375676274,88304.08,6e-05,False
1741375676274,88304.08,0.0001,False
1741375676274,88304.08,6e-05,False
1741375676274,88304.08,6e-05,False
1741375676274,88304.08,6e-05,False
1741375676274,88304.08,6e-05,False
1741375676274,88304.08,0.0018,False
1741375676280,88304.08,0.00055,False
1741375676288,88304.08,1e-05,False
1741375676288,88304.08,0.0001,False
1741375676288,88304.08,6e-05,False
1741375676288,88304.08,6e-05,False
1741375676288,88304.08,6e-05,False
1741375676288,88304.08,6e-05,False
1741375676288,88304.08,6e-05,False
1741375676288,88304.08,6e-05,False
1741375676288,88304.08,6e-05,False
1741375676288,88304.08,6e-05,False
1741375676288,88304.08,0.00054,False
1741375676288,88304.09,0.00055,False
1741375676288,88304.09,6e-05,False
1741375676288,88304.09,6e-05,False
1741375676288,88304.63,6e-05,False
1741375676288,88304.63,6e-05,False
1741375676288,88304.63,6e-05,False
1741375676288,88304.79,0.00017,False
1741375676288,88304.79,0.00017,False
1741375676288,88304.79,0.00017,False
1741375676288,88304.79,6e-05,False
1741375676288,88304.79,6e-05,False
1741375676300,88304.79,0.00044,True
1741375676374,88304.8,6e-05,False
1741375676374,88304.8,0.00056,False
1741375676374,88304.8,6e-05,False
1741375676374,88304.8,6e-05,False
1741375676374,88304.8,6e-05,False
1741375676374,88304.8,0.0001,False
1741375676374,88304.8,6e-05,False
1741375676374,88304.8,6e-05,False
1741375676374,88304.81,0.00053,False
1741375676374,88304.81,6e-05,False
1741375676374,88304.81,6e-05,False
1741375676374,88304.91,0.00013,False
1741375676374,88304.91,6e-05,False
1741375676374,88304.91,6e-05,False
1741375676374,88304.96,0.00014,False
1741375676374,88304.96,6e-05,False
1741375676374,88304.96,6e-05,False
1741375676374,88305.06,6e-05,False
1741375676374,88305.06,6e-05,False
1741375676374,88305.52,6e-05,False
1741375676374,88305.52,6e-05,False
1741375676374,88305.66,9e-05,False
1741375676374,88305.66,6e-05,False
1741375676374,88305.67,6e-05,False
1741375676591,88305.75,6e-05,False
1741375676591,88305.75,0.0001,False
1741375676591,88305.75,6e-05,False
1741375676591,88305.75,0.00058,False
1741375676591,88305.75,6e-05,False
1741375676591,88305.75,6e-05,False
1741375676591,88305.75,6e-05,False
1741375676591,88305.75,6e-05,False
1741375676591,88305.75,6e-05,False
1741375676591,88305.75,0.00013,False
1741375676591,88305.76,0.01132,False
1741375676591,88305.76,0.00052,False
1741375676591,88305.76,0.00055,False
1741375676591,88305.76,6e-05,False
1741375676591,88305.76,6e-05,False
1741375676591,88305.78,0.00013,False
1741375676591,88305.78,6e-05,False
1741375676591,88305.78,6e-05,False
1741375676591,88305.86,0.00014,False
1741375676591,88305.86,6e-05,False
1741375676591,88305.86,6e-05,False
1741375676591,88305.91,0.00014,False
1741375676591,88305.91,6e-05,False
1741375676591,88305.91,6e-05,False
1741375676591,88305.96,0.00012,False
1741375676591,88305.96,6e-05,False
1741375676591,88305.99,6e-05,False
1741375676591,88305.99,6e-05,False
1741375676591,88306.0,0.005,False
1741375676591,88306.0,6e-05,False
1741375676591,88306.4,6e-05,False
1741375676591,88306.5,0.00113,False
1741375676591,88307.29,6e-05,False
1741375676594,88308.85,6e-05,False
1741375676594,88308.85,0.0001,False
1741375676594,88308.85,0.0001,False
1741375676651,88308.86,6e-05,False
1741375676651,88308.86,6e-05,False
1741375676651,88308.86,6e-05,False
1741375676651,88308.86,6e-05,False
1741375676651,88308.86,6e-05,False
1741375676651,88308.86,6e-05,False
1741375676651,88308.86,0.00016,False
1741375676651,88308.86,0.0001,False
1741375676651,88308.86,0.00021,False
1741375676651,88308.86,0.00055,False
1741375676651,88308.86,0.00021,False
1741375676651,88308.86,0.00021,False
1741375676651,88308.87,6e-05,False
1741375676651,88308.87,6e-05,False
1741375676651,88308.87,0.00052,False
1741375676651,88309.07,6e-05,False
1741375676651,88309.07,6e-05,False
1741375676651,88309.07,6e-05,False
1741375676651,88309.95,6e-05,False
1741375676651,88309.95,6e-05,False
1741375676653,88309.96,6e-05,False
1741375676653,88309.96,6e-05,False
1741375676653,88309.96,0.0001,False
1741375676653,88309.99,0.00013,False
1741375676653,88309.99,0.00013,False
1741375676653,88309.99,6e-05,False
1741375676687,88310.0,0.001,False
1741375676687,88310.0,6e-05,False
1741375676687,88310.0,0.0001,False
1741375676687,88310.0,6e-05,False
1741375676687,88310.0,0.00058,False
1741375676687,88310.0,6e-05,False
1741375676687,88310.0,6e-05,False
1741375676687,88310.0,6e-05,False
1741375676687,88310.0,6e-05,False
1741375676687,88310.01,0.00053,False
1741375676687,88310.01,6e-05,False
1741375676687,88310.01,6e-05,False
1741375676687,88310.03,0.00013,False
1741375676687,88310.03,6e-05,False
1741375676687,88310.03,6e-05,False
1741375676687,88310.23,6e-05,False
1741375676687,88310.23,6e-05,False
1741375676687,88310.23,6e-05,False
1741375676687,88310.23,6e-05,False
1741375676687,88310.23,6e-05,False
1741375676687,88310.24,6e-05,False
1741375676687,88310.24,6e-05,False
1741375676687,88310.26,6e-05,False
1741375676687,88310.37,0.00012,False
1741375676687,88310.37,6e-05,False
1741375676687,88310.87,0.0001,False
1741375676687,88310.87,6e-05,False
1741375676687,88311.04,6e-05,False
1741375676687,88311.05,0.01132,False
1741375676687,88311.99,6e-05,False
1741375677038,88312.0,8e-05,False
1741375677323,88312.0,6e-05,False
1741375677323,88312.0,6e-05,False
1741375677323,88312.0,6e-05,False
1741375677323,88312.0,6e-05,False
1741375677323,88312.0,6e-05,False
1741375677323,88312.0,0.00013,False
1741375677323,88312.0,0.0001,False
1741375677323,88312.0,6e-05,False
1741375677323,88312.0,0.0001,False
1741375677323,88312.01,0.00053,False
1741375677323,88312.01,6e-05,False
1741375677323,88312.01,6e-05,False
1741375677323,88312.04,0.00013,False
1741375677323,88312.04,6e-05,False
1741375677323,88312.04,6e-05,False
1741375677323,88312.06,6e-05,False
1741375677323,88312.06,6e-05,False
1741375677323,88312.07,6e-05,False
1741375677323,88312.07,6e-05,False
1741375677323,88312.09,6e-05,False
1741375677323,88312.1,0.00014,False
1741375677323,88312.1,6e-05,False
1741375677323,88312.13,6e-05,False
1741375677323,88312.14,0.00014,False
1741375677323,88312.32,6e-05,False
1741375677323,88312.32,9e-05,False
1741375677323,88312.32,9e-05,False
1741375677323,88312.32,0.00011,False
1741375677323,88312.32,0.00011,False
1741375677323,88312.32,0.00011,False
1741375677345,88312.33,6e-05,False
1741375677345,88312.33,0.00054,False
1741375677345,88312.33,6e-05,False
1741375677345,88312.33,6e-05,False
1741375677345,88312.33,6e-05,False
1741375677345,88312.33,6e-05,False
1741375677345,88312.33,6e-05,False
1741375677345,88312.33,0.0001,False
1741375677345,88312.34,0.00053,False
1741375677345,88312.34,6e-05,False
1741375677345,88312.34,6e-05,False
1741375677345,88312.62,6e-05,False
1741375677345,88312.62,6e-05,False
1741375677345,88312.62,6e-05,False
1741375677345,88312.84,0.0001,False
1741375677345,88312.84,6e-05,False
1741375677345,88312.84,6e-05,False
1741375677345,88312.87,6e-05,False
1741375677345,88312.87,6e-05,False
1741375677345,88312.94,6e-05,False
1741375677367,88313.17,9e-05,False
1741375677367,88313.17,9e-05,False
1741375677367,88313.17,6e-05,False
1741375677367,88313.17,0.0001,False
1741375677367,88313.17,6e-05,False
1741375677367,88313.17,6e-05,False
1741375677367,88313.17,6e-05,False
1741375677367,88313.17,6e-05,False
1741375677367,88313.17,0.00053,False
1741375677367,88313.17,6e-05,False
1741375677369,88313.18,0.00057,False
1741375677369,88313.18,6e-05,False
1741375677369,88313.18,6e-05,False
1741375677369,88313.18,0.0001,False
1741375677369,88313.28,0.00014,False
1741375677369,88313.28,6e-05,False
1741375677369,88313.28,6e-05,False
1741375677369,88313.33,0.00014,False
1741375677369,88313.33,6e-05,False
1741375677369,88313.33,6e-05,False
1741375677369,88313.51,6e-05,False
1741375677369,88313.51,6e-05,False
1741375677369,88313.51,6e-05,False
1741375677369,88313.75,6e-05,False
1741375677369,88313.75,6e-05,False
1741375677369,88313.75,7e-05,False
1741375677369,88313.75,7e-05,False
1741375677369,88313.75,7e-05,False
1741375677388,88313.76,0.01132,False
1741375677388,88313.76,0.0001,False
1741375677388,88313.76,6e-05,False
1741375677388,88313.76,0.00117,False
1741375677388,88313.76,6e-05,False
1741375677388,88313.76,6e-05,False
1741375677388,88313.76,6e-05,False
1741375677388,88313.76,6e-05,False
1741375677388,88313.76,6e-05,False
1741375677388,88313.76,0.00013,False
1741375677388,88313.77,0.00054,False
1741375677388,88313.77,6e-05,False
1741375677388,88313.77,6e-05,False
1741375677391,88314.04,6e-05,False
1741375677391,88314.04,6e-05,False
1741375677391,88314.04,0.0001,False
1741375677391,88314.05,6e-05,False
1741375677391,88314.05,6e-05,False
1741375677401,88314.18,0.0001,False
1741375677401,88314.18,6e-05,False
1741375677401,88314.18,6e-05,False
1741375677401,88314.18,6e-05,False
1741375677401,88314.18,6e-05,False
1741375677401,88314.18,6e-05,False
1741375677401,88314.18,6e-05,False
1741375677401,88314.4,6e-05,False
1741375677401,88314.4,6e-05,False
1741375677401,88314.4,6e-05,False
1741375677401,88314.65,6e-05,False
1741375677401,88314.65,6e-05,False
1741375677401,88315.04,6e-05,False
1741375677401,88315.04,7e-05,False
1741375677401,88315.04,6e-05,False
1741375677401,88315.04,7e-05,False
1741375677401,88315.04,7e-05,False
1741375677401,88315.04,6e-05,False
1741375677401,88315.04,0.00011,False
1741375677401,88315.05,0.00249,False
1741375677401,88315.05,6e-05,False
1741375677401,88315.05,6e-05,False
1741375677401,88315.29,6e-05,False
1741375677401,88315.29,6e-05,False
1741375677401,88315.9,0.00015,False
1741375677401,88315.9,6e-05,False
1741375677404,88316.17,6e-05,False
1741375677404,88316.17,0.0001,False
1741375677404,88316.17,6e-05,False
1741375678016,88316.16,0.0003,True
1741375678212,88316.17,0.00056,False
1741375678212,88316.17,6e-05,False
1741375678212,88316.17,6e-05,False
1741375678212,88316.17,0.0437,False
1741375678212,88316.17,0.00338,False
1741375678212,88316.17,6e-05,False
1741375678212,88316.17,0.0658,False
1741375678218,88316.16,0.0001,True
1741375678601,88316.16,0.00099,True
1741375679374,88316.17,0.00732,False
1741375679972,88316.17,6e-05,False
1741375679972,88316.17,0.0001,False
1741375679972,88316.17,0.00408,False
1741375679972,88316.17,0.00653,False
1741375679972,88316.17,0.00014,False
1741375679972,88316.17,6e-05,False
1741375679972,88316.17,6e-05,False
1741375679972,88316.17,6e-05,False
1741375679972,88316.17,6e-05,False
1741375679972,88316.17,0.03255,False
1741375679972,88316.17,0.02426,False
1741375679972,88316.17,0.04319,False
1741375679972,88316.17,6e-05,False
1741375679972,88316.17,6e-05,False
1741375679972,88316.17,0.03216,False
1741375679972,88316.17,9e-05,False
1741375679972,88316.17,9e-05,False
1741375679972,88316.17,0.00531,False
1741375679972,88316.17,6e-05,False
1741375679972,88316.18,0.05901,False
1741375679972,88316.18,6e-05,False
1741375679972,88316.18,6e-05,False
1741375679972,88316.19,6e-05,False
1741375679972,88316.19,6e-05,False
1741375679972,88316.19,0.00013,False
1741375679972,88316.2,6e-05,False
1741375679972,88316.2,6e-05,False
1741375679972,88316.21,6e-05,False
1741375679972,88316.21,6e-05,False
1741375679972,88316.22,6e-05,False
1741375679972,88316.24,6e-05,False
1741375679972,88316.27,0.00013,False
1741375679972,88316.27,6e-05,False
1741375679972,88316.27,6e-05,False
1741375679974,88316.64,8e-05,False
1741375679974,88316.69,8e-05,False
1741375679974,88316.69,8e-05,False
1741375679974,88316.69,8e-05,False
1741375679974,88317.64,0.03052,False
1741375679974,88317.93,0.01132,False
1741375679977,88319.16,0.00017,False
1741375679977,88319.99,0.00011,False
1741375679977,88319.99,0.00011,False
1741375679977,88319.99,6e-05,False
1741375680026,88319.99,0.00014,True
1741375680076,88320.0,0.00024,False
1741375680076,88320.0,6e-05,False
1741375680076,88320.0,6e-05,False
1741375680076,88320.0,0.0001,False
1741375680076,88320.0,6e-05,False
1741375680076,88320.0,6e-05,False
1741375680076,88320.0,6e-05,False
1741375680076,88320.0,6e-05,False
1741375680076,88320.0,0.00013,False
1741375680076,88320.0,0.00016,False
1741375680076,88320.0,0.00016,False
1741375680076,88320.0,6e-05,False
1741375680076,88320.01,6e-05,False
1741375680076,88320.01,6e-05,False
1741375680076,88320.61,6e-05,False
1741375680076,88320.61,6e-05,False
1741375680076,88320.61,6e-05,False
1741375680076,88321.18,6e-05,False
1741375680076,88321.18,6e-05,False
1741375680076,88321.19,0.00022,False
1741375680076,88321.19,0.00022,False
1741375680076,88321.19,6e-05,False
1741375680076,88321.19,6e-05,False
1741375680076,88321.2,6e-05,False
1741375680076,88321.2,6e-05,False
1741375680076,88321.2,8e-05,False
1741375680076,88321.2,8e-05,False
1741375680097,88321.21,0.0001,False
1741375680097,88321.21,6e-05,False
1741375680097,88321.21,6e-05,False
1741375680097,88321.21,6e-05,False
1741375680097,88321.21,6e-05,False
1741375680097,88321.21,6e-05,False
1741375680097,88321.21,6e-05,False
1741375680097,88321.24,0.00013,False
1741375680097,88321.24,6e-05,False
1741375680097,88321.24,6e-05,False
1741375680097,88321.49,6e-05,False
1741375680097,88321.49,6e-05,False
1741375680097,88321.49,6e-05,False
1741375680097,88321.5,6e-05,False
1741375680097,88321.5,6e-05,False
1741375680097,88321.68,9e-05,False
1741375680097,88321.68,6e-05,False
1741375680097,88321.68,6e-05,False
1741375680097,88321.74,0.00012,False
1741375680097,88321.74,6e-05,False
1741375680097,88322.96,9e-05,False
1741375680097,88322.96,0.00015,False
1741375680097,88322.96,9e-05,False
1741375680097,88322.96,6e-05,False
1741375680097,88322.97,0.00021,False
1741375680097,88322.97,6e-05,False
1741375680097,88323.03,0.00022,False
1741375680097,88323.47,9e-05,False
1741375680097,88323.47,9e-05,False
1741375680097,88323.67,0.0001,False
1741375680097,88323.67,0.0001,False
1741375680097,88323.99,6e-05,False
1741375680097,88324.33,0.00021,False
1741375680097,88324.5,0.00012,False
1741375680097,88324.9,6e-05,False
1741375680101,88325.06,6e-05,False
1741375680101,88325.18,6e-05,False
1741375680101,88325.19,0.00208,False
1741375680570,88325.18,0.00119,True
1741375680687,88325.18,0.00116,True
1741375680699,88325.18,0.00115,True
1741375681238,88325.19,6e-05,False
1741375681238,88325.19,6e-05,False
1741375681238,88325.19,6e-05,False
1741375681238,88325.19,0.00013,False
1741375681238,88325.19,0.00017,False
1741375681238,88325.19,6e-05,False
1741375681238,88325.19,0.1,False
1741375681238,88325.19,6e-05,False
1741375681238,88325.19,6e-05,False
1741375681238,88325.19,0.01337,False
1741375681238,88325.19,0.0001,False
1741375681238,88325.19,0.00128,False
1741375681238,88325.19,0.01209,False
1741375681238,88325.19,0.01337,False
1741375681238,88325.19,0.01337,False
1741375681238,88325.19,0.01337,False
1741375681238,88325.19,0.01337,False
1741375681238,88325.19,0.01337,False
1741375681238,88325.19,0.00668,False
1741375681238,88325.2,6e-05,False
1741375681238,88325.2,6e-05,False
1741375681238,88325.21,6e-05,False
1741375681238,88325.21,6e-05,False
1741375681238,88325.22,6e-05,False
1741375681238,88325.22,6e-05,False
1741375681238,88325.22,0.00014,False
1741375681238,88325.24,6e-05,False
1741375681238,88325.24,6e-05,False
1741375681238,88325.25,6e-05,False
1741375681238,88325.27,6e-05,False
1741375681238,88325.73,0.00014,False
1741375681238,88325.73,0.00014,False
1741375681238,88325.73,6e-05,False
1741375681238,88325.74,0.00014,False
1741375681239,88325.99,6e-05,False
1741375681239,88326.06,8e-05,False
1741375681239,88326.06,8e-05,False
1741375681239,88326.06,6e-05,False
1741375681240,88326.34,7e-05,False
1741375681240,88326.83,6e-05,False
1741375681240,88327.18,0.00022,False
1741375681243,88327.46,9e-05,False
1741375681243,88327.46,9e-05,False
1741375681243,88327.46,6e-05,False
1741375681254,88327.46,6e-05,True
1741375681346,88327.47,0.03123,False
1741375681346,88327.47,6e-05,False
1741375681346,88327.47,6e-05,False
1741375681346,88327.47,6e-05,False
1741375681346,88327.47,0.0001,False
1741375681346,88327.47,6e-05,False
1741375681346,88327.47,6e-05,False
1741375681346,88327.47,6e-05,False
1741375681346,88327.47,0.00012,False
1741375681346,88327.48,6e-05,False
1741375681346,88327.48,6e-05,False
1741375681346,88327.72,6e-05,False
1741375681346,88327.72,6e-05,False
1741375681346,88327.98,0.00011,False
1741375681346,88327.98,6e-05,False
1741375681346,88327.98,0.00011,False
1741375681346,88327.98,6e-05,False
1741375681346,88327.98,0.00011,False
1741375681346,88327.99,6e-05,False
1741375681346,88327.99,6e-05,False
1741375681346,88327.99,6e-05,False
1741375681346,88328.0,0.01336,False
1741375681346,88328.0,6e-05,False
1741375681346,88328.0,0.00281,False
1741375681346,88328.0,0.01055,False
1741375681346,88328.0,0.01336,False
1741375681346,88328.0,0.00709,False
1741375681346,88328.49,0.00243,False
1741375681346,88328.49,6e-05,False
1741375681346,88329.67,6e-05,False
1741375681346,88329.99,9e-05,False
1741375681346,88329.99,9e-05,False
1741375681346,88330.16,0.00113,False
1741375681346,88330.22,0.00012,False
1741375681346,88331.46,0.0002,False
1741375681346,88331.53,7e-05,False
1741375681349,88330.38,6e-05,False
1741375681349,88331.99,6e-05,False
1741375681349,88331.99,0.00011,False
1741375681349,88331.99,0.00011,False
1741375681350,88332.0,0.0001,False
1741375681350,88332.0,0.001,False
1741375681351,88333.04,0.00012,False
1741375681351,88333.05,6e-05,False
1741375681351,88333.06,0.01013,False
1741375681351,88333.22,0.00012,False
1741375681351,88334.02,0.00521,False
1741375681351,88334.37,7e-05,False
1741375681351,88334.88,6e-05,False
1741375681351,88334.88,6e-05,False
1741375681351,88334.89,0.01009,False
1741375681355,88334.89,6e-05,False
1741375681355,88335.77,0.00046,False
1741375681355,88336.0,0.0001,False
1741375681355,88337.2,6e-05,False
1741375681355,88337.21,0.00202,False
1741375681357,88337.2,0.03389,True
1741375681363,88337.2,0.02729,True
1741375681363,88337.2,0.0066,True
1741375681368,88337.2,0.01841,True
1741375681443,88337.21,0.0081,False
1741375681443,88337.21,6e-05,False
1741375681443,88337.21,6e-05,False
1741375681443,88337.21,6e-05,False
1741375681443,88337.21,0.0001,False
1741375681443,88337.21,0.00014,False
1741375681443,88337.21,0.00048,False
1741375681443,88337.21,6e-05,False
1741375681443,88337.21,6e-05,False
1741375681443,88337.24,0.00013,False
1741375681443,88337.24,6e-05,False
1741375681443,88337.31,8e-05,False
1741375681443,88337.31,6e-05,False
1741375681443,88337.32,0.00014,False
1741375681443,88337.32,6e-05,False
1741375681443,88337.37,0.00014,False
1741375681443,88337.37,6e-05,False
1741375681443,88337.45,0.00012,False
1741375681443,88337.69,6e-05,False
1741375681443,88337.69,6e-05,False
1741375681443,88337.7,0.00091,False
1741375681558,88337.7,0.00059,False
1741375681558,88337.7,8e-05,False
1741375681836,88337.69,0.00097,True
1741375682732,88337.69,0.07311,True
1741375682748,88337.69,0.0001,True
1741375682748,88337.69,0.05196,True
1741375682749,88337.69,0.06639,True
1741375682749,88337.69,0.08165,True
1741375682749,88337.69,0.00014,True
1741375682749,88337.69,0.00013,True
1741375682749,88337.69,0.00014,True
1741375682749,88337.69,0.00013,True
1741375682749,88337.69,6e-05,True
1741375682749,88337.69,0.01805,True
1741375682749,88337.69,0.00022,True
1741375682749,88337.69,0.0004,True
1741375682749,88337.69,0.0001,True
1741375682749,88337.69,0.0001,True
1741375682749,88337.69,0.0001,True
1741375682749,88337.69,0.0001,True
1741375682750,88337.22,6e-05,True
1741375682750,88337.21,6e-05,True
1741375682750,88337.21,6e-05,True
1741375682750,88337.2,0.04975,True
1741375682750,88337.2,0.04223,True
1741375682751,88335.44,0.0113,True
1741375682752,88335.44,2e-05,True
1741375682797,88334.0,0.0001,True
1741375682797,88333.99,0.00015,True
1741375682797,88333.89,0.00014,True
1741375682800,88333.01,6e-05,True
1741375682800,88333.0,0.00204,True
1741375682874,88333.01,0.00011,False
1741375683005,88333.0,0.02765,True
1741375683005,88333.0,0.00014,True
1741375683005,88333.0,0.00503,True
1741375683005,88333.0,0.00023,True
1741375683005,88333.0,0.0001,True
1741375683005,88332.99,0.00014,True
1741375683006,88332.89,0.00013,True
1741375683006,88332.84,0.00014,True
1741375683006,88332.25,6e-05,True
1741375683006,88332.24,0.01132,True
1741375683006,88332.17,6e-05,True
1741375683012,88328.86,6e-05,True
1741375683012,88328.85,0.003,True
1741375683078,88328.67,0.00016,False
1741375683084,88328.66,0.0289,True
1741375683084,88328.66,0.0001,True
1741375683084,88328.65,0.00026,True
1741375683084,88328.65,0.00014,True
1741375683084,88328.02,7e-05,True
1741375683084,88326.91,6e-05,True
1741375683084,88326.9,0.00825,True
1741375683084,88326.9,0.00307,True
1741375683084,88326.01,6e-05,True
1741375683084,88325.75,0.0001,True
1741375683084,88325.75,0.0001,True
1741375683084,88325.74,0.0012,True
1741375683084,88324.02,6e-05,True
1741375683084,88324.01,0.07627,True
1741375683084,88324.01,0.0136,True
1741375683084,88323.25,6e-05,True
1741375683084,88323.24,0.04313,True
1741375683085,88323.24,0.02779,True
1741375683085,88323.24,0.02779,True
1741375683085,88323.24,0.0154,True
1741375683085,88321.77,0.00012,True
1741375683085,88321.6,0.01132,True
1741375683085,88320.77,0.01635,True
1741375683085,88320.77,0.02265,True
1741375683085,88320.35,0.01528,True
1741375683085,88320.35,0.12099,True
1741375683085,88320.35,0.0105,True
1741375683085,88320.0,6e-05,True
1741375683091,88317.65,0.01014,True
1741375683091,88317.58,0.00986,True
1741375683093,88317.65,0.0001,True
1741375683093,88317.65,0.0001,True
1741375683093,88317.58,0.0134,True
1741375683100,88316.84,6e-05,True
1741375683100,88316.84,0.00045,True
1741375683100,88316.84,0.00045,True
1741375683115,88316.83,0.00194,True
1741375683149,88316.83,0.0001,True
1741375683149,88316.82,0.0006,True
1741375683149,88316.35,6e-05,True
1741375683149,88316.34,0.003,True
1741375683149,88315.56,6e-05,True
1741375683149,88315.56,7e-05,True
1741375683149,88315.56,0.00062,True
1741375683193,88315.55,0.00025,True
1741375683247,88315.55,0.0001,True
1741375683247,88315.55,0.00014,True
1741375683247,88315.54,0.00014,True
1741375683247,88315.47,6e-05,True
1741375683247,88315.46,0.00014,True
1741375683247,88315.4,6e-05,True
1741375683247,88315.39,0.00249,True
1741375683247,88315.39,0.00013,True
1741375683247,88315.08,6e-05,True
1741375683278,88315.07,0.01132,True
1741375683278,88315.07,0.0001,True
1741375683278,88314.63,6e-05,True
1741375683278,88314.24,0.00013,True
1741375683281,88315.07,0.0001,True
1741375683284,88313.76,6e-05,True
1741375683284,88313.75,0.00015,True
1741375683284,88313.75,0.00015,True
1741375683284,88313.75,9e-05,True
1741375683284,88311.34,6e-05,True
1741375683284,88311.33,0.00489,True
1741375683342,88311.34,0.00052,False
1741375683343,88311.33,0.0001,True
1741375683343,88311.33,0.0001,True
1741375683343,88311.33,0.0001,True
1741375683343,88311.33,6e-05,True
1741375683343,88311.32,0.00014,True
1741375683343,88311.32,6e-05,True
1741375683343,88311.2,0.00013,True
1741375683343,88311.2,0.00013,True
1741375683343,88311.2,7e-05,True
1741375683343,88311.2,0.00013,True
1741375683343,88311.2,6e-05,True
1741375683343,88311.19,6e-05,True
1741375683343,88311.19,6e-05,True
1741375683343,88311.18,0.00277,True
1741375683345,88311.18,0.00023,True
1741375683345,88311.18,6e-05,True
1741375683345,88310.67,6e-05,True
1741375683347,88310.05,7e-05,True
1741375683347,88310.05,6e-05,True
1741375683347,88310.05,0.0001,True
1741375683347,88309.73,7e-05,True
1741375683347,88309.73,6e-05,True
1741375683347,88309.01,0.00035,True
1741375683347,88309.01,6e-05,True
1741375683347,88308.97,0.00012,True
1741375683347,88308.97,6e-05,True
1741375683347,88307.57,0.00015,True
1741375683347,88307.57,6e-05,True
1741375683347,88307.3,6e-05,True
1741375683347,88307.3,6e-05,True
1741375683347,88306.92,6e-05,True
1741375683405,88306.91,0.0001,True
1741375683405,88306.9,0.00022,True
1741375683405,88306.8,0.00013,True
1741375683405,88306.02,9e-05,True
1741375683405,88306.01,0.00026,True
1741375683405,88306.01,0.00026,True
1741375683405,88306.01,0.00026,True
1741375683410,88306.0,0.0001,True
1741375683410,88305.24,9e-05,True
1741375683410,88305.14,0.00012,True
1741375683410,88304.54,7e-05,True
1741375683410,88304.54,7e-05,True
1741375683410,88304.54,7e-05,True
1741375683410,88303.6,0.00015,True
1741375683421,88303.19,0.0001,False
1741375683421,88303.19,0.00428,False
1741375683512,88303.18,0.0001,True
1741375683512,88303.18,0.00014,True
1741375683512,88303.18,0.00013,True
1741375683512,88303.18,6e-05,True
1741375683512,88303.17,0.0001,True
1741375683512,88303.17,6e-05,True
1741375683512,88302.86,6e-05,True
1741375683512,88302.86,6e-05,True
1741375683512,88302.62,6e-05,True
1741375683512,88302.62,9e-05,True
1741375683512,88302.62,6e-05,True
1741375683512,88302.61,6e-05,True
1741375683669,88302.61,0.0001,True
1741375683669,88302.61,0.0001,True
1741375683669,88302.61,0.0001,True
1741375683669,88302.61,6e-05,True
1741375683669,88302.61,0.0015,True
1741375683669,88302.61,6e-05,True
1741375683669,88302.61,8e-05,True
1741375683669,88302.61,0.0001,True
1741375683669,88302.61,0.00013,True
1741375683669,88302.61,0.00013,True
1741375683669,88302.6,0.005,True
1741375683669,88302.6,6e-05,True
1741375683669,88302.5,6e-05,True
1741375683669,88302.5,6e-05,True
1741375683669,88302.5,0.00013,True
1741375683669,88302.49,0.003,True
1741375683669,88302.49,6e-05,True
1741375683669,88302.49,6e-05,True
1741375683669,88302.48,0.02808,True
1741375683669,88302.48,6e-05,True
1741375683669,88302.45,0.00013,True
1741375683670,88301.63,8e-05,True
1741375683670,88300.83,0.00012,True
1741375683672,88302.45,6e-05,True
1741375683672,88301.97,6e-05,True
1741375683672,88300.0,6e-05,True
1741375683672,88299.72,0.0002,True
1741375683672,88298.01,6e-05,True
1741375683672,88298.0,0.00012,True
1741375683672,88297.95,6e-05,True
1741375683677,88295.39,0.00012,True
1741375683677,88294.67,6e-05,True
1741375683702,88294.66,0.01012,True
1741375683702,88294.66,0.003,True
1741375683702,88294.66,0.0001,True
1741375683702,88294.65,0.00034,True
1741375683702,88294.35,0.00041,True
1741375683702,88294.35,0.00013,True
1741375683702,88294.35,0.00053,True
1741375683702,88294.35,0.00041,True
1741375683702,88294.35,0.00041,True
1741375683709,88293.77,6e-05,True
1741375683711,88293.67,6e-05,True
1741375683711,88293.66,0.003,True
1741375683711,88293.52,6e-05,True
1741375683711,88293.37,0.01011,True
1741375683712,88292.97,0.00012,True
1741375683712,88292.83,8e-05,True
1741375683712,88292.84,0.0001,True
1741375683716,88292.83,8e-05,True
1741375683716,88292.83,8e-05,True
1741375683716,88292.5,0.00022,True
1741375683716,88292.13,0.00182,True
1741375683733,88292.51,0.0001,True
1741375683733,88292.15,0.00011,True
1741375683733,88292.14,6e-05,True
1741375683733,88292.13,0.02559,True
1741375683757,88291.63,0.0001,True
1741375683785,88291.28,6e-05,True
1741375683785,88291.28,7e-05,True
1741375683785,88291.28,7e-05,True
1741375683785,88291.28,7e-05,True
1741375683785,88291.28,0.0001,True
1741375683785,88291.27,0.0267,True
1741375683789,88289.53,6e-05,True
1741375683789,88289.52,0.00214,True
1741375683815,88289.52,0.00918,True
1741375683815,88289.52,0.0001,True
1741375683815,88289.52,0.0001,True
1741375683825,88289.41,0.00013,True
1741375683825,88289.41,0.0001,True
1741375683825,88289.36,0.00013,True
1741375683825,88289.22,6e-05,True
1741375683825,88289.21,0.02603,True
1741375683825,88288.5,0.00012,True
1741375683825,88288.08,0.0001,True
1741375683829,88285.99,0.00012,True
1741375683829,88284.84,6e-05,True
1741375683829,88284.83,0.003,True
1741375683829,88284.7,6e-05,True
1741375683829,88284.69,0.06678,True
1741375683829,88284.69,0.003,True
1741375683844,88284.69,0.0001,True
1741375683844,88284.69,0.0001,True
1741375683875,88284.67,0.00014,True
1741375683875,88284.67,0.0001,True
1741375683896,88284.23,0.003,True
1741375683896,88284.23,0.0001,True
1741375683896,88282.94,0.00041,True
1741375683896,88282.78,0.00012,True
1741375683907,88281.86,0.0002,False
1741375683930,88281.85,7e-05,True
1741375683930,88281.85,0.0001,True
1741375683930,88280.09,6e-05,True
1741375683978,88280.08,0.00767,True
1741375683978,88280.08,5e-05,True
1741375683979,88280.08,0.00295,True
1741375683979,88280.08,0.0001,True
1741375683979,88280.08,0.02506,True
1741375684177,88280.08,0.00025,True
1741375684593,88280.08,0.00011,True
1741375684760,88280.09,6e-05,False
1741375684760,88280.09,0.05355,False
1741375684760,88280.09,0.00014,False
1741375684760,88280.09,0.04069,False
1741375684760,88280.09,0.05931,False
1741375684760,88280.09,6e-05,False
1741375684760,88280.09,6e-05,False
1741375684760,88280.09,6e-05,False
1741375684760,88280.09,6e-05,False
1741375684760,88280.09,6e-05,False
1741375684760,88280.09,0.10751,False
1741375684760,88280.09,0.0001,False
1741375684760,88280.1,6e-05,False
1741375684760,88280.1,6e-05,False
1741375684760,88280.11,6e-05,False
1741375684760,88280.11,6e-05,False
1741375684760,88280.12,6e-05,False
1741375684760,88280.12,6e-05,False
1741375684760,88280.65,6e-05,False
1741375684760,88280.65,6e-05,False
1741375684760,88280.75,6e-05,False
1741375684760,88280.76,6e-05,False
1741375684760,88281.53,6e-05,False
1741375684760,88281.84,6e-05,False
1741375684760,88281.85,0.01132,False
1741375684781,88283.99,0.00011,False
1741375684781,88283.99,0.00011,False
1741375684781,88283.99,6e-05,False
1741375684781,88283.99,6e-05,False
1741375684781,88283.99,6e-05,False
1741375684781,88283.99,6e-05,False
1741375684781,88283.99,6e-05,False
1741375684781,88283.99,6e-05,False
1741375684781,88283.99,0.0001,False
1741375684815,88285.09,6e-05,False
1741375684815,88285.09,0.0001,False
1741375684815,88285.09,6e-05,False
1741375684815,88285.09,6e-05,False
1741375684815,88285.09,6e-05,False
1741375684815,88285.09,6e-05,False
1741375684815,88285.09,6e-05,False
1741375684815,88285.17,6e-05,False
1741375684815,88285.17,6e-05,False
1741375684815,88285.2,0.00013,False
1741375684815,88285.2,6e-05,False
1741375684815,88285.2,6e-05,False
1741375684815,88285.41,6e-05,False
1741375684815,88285.41,6e-05,False
1741375684815,88285.41,6e-05,False
1741375684985,88285.42,0.03467,False
1741375684985,88285.42,6e-05,False
1741375684985,88285.42,0.0001,False
1741375684985,88285.42,6e-05,False
1741375684985,88285.42,6e-05,False
1741375684985,88285.42,0.00014,False
1741375684985,88285.42,6e-05,False
1741375684985,88285.42,6e-05,False
1741375684985,88285.42,6e-05,False
1741375684985,88285.42,0.03463,False
1741375684986,88285.42,0.03892,False
1741375684987,88285.42,0.02645,False
1741375684987,88285.42,0.0001,False
1741375684987,88285.47,0.00014,False
1741375684987,88285.47,6e-05,False
1741375684987,88285.47,6e-05,False
1741375684988,88285.74,6e-05,False
1741375684988,88285.74,6e-05,False
1741375684988,88285.74,6e-05,False
1741375684988,88285.75,0.01132,False
1741375684988,88285.75,6e-05,False
1741375684988,88285.75,4e-05,False
1741375684989,88285.75,2e-05,False
1741375684989,88285.97,6e-05,False
1741375684989,88285.97,6e-05,False
1741375684989,88285.99,6e-05,False
1741375684992,88287.99,6e-05,False
1741375684992,88287.99,6e-05,False
1741375684992,88287.99,0.0001,False
1741375684992,88288.0,6e-05,False
1741375684992,88288.0,6e-05,False
1741375684992,88288.0,6e-05,False
1741375684992,88288.91,6e-05,False
1741375684992,88288.91,6e-05,False
1741375684992,88288.92,0.003,False
1741375684992,88288.92,6e-05,False
1741375684992,88289.53,6e-05,False
1741375684992,88289.99,6e-05,False
1741375684992,88289.99,9e-05,False
1741375684992,88289.99,9e-05,False
1741375685015,88290.0,0.0001,False
1741375685015,88290.0,6e-05,False
1741375685015,88290.0,6e-05,False
1741375685015,88290.0,6e-05,False
1741375685015,88290.0,6e-05,False
1741375685015,88290.0,6e-05,False
1741375685015,88290.11,0.00014,False
1741375685015,88290.11,6e-05,False
1741375685015,88291.03,6e-05,False
1741375685015,88291.03,6e-05,False
1741375685015,88291.03,6e-05,False
1741375685015,88291.04,0.01132,False
1741375685015,88291.04,6e-05,False
1741375685015,88291.26,6e-05,False
1741375685015,88291.72,6e-05,False
1741375685103,88291.73,0.00158,False
1741375685107,88291.73,0.02643,False
1741375685107,88291.73,6e-05,False
1741375685107,88291.73,0.00014,False
1741375685107,88291.73,6e-05,False
1741375685107,88291.73,0.0001,False
1741375685109,88291.78,0.00013,False
1741375685109,88292.19,6e-05,False
1741375685109,88292.19,6e-05,False
1741375685109,88292.19,6e-05,False
1741375685109,88292.2,0.00239,False
1741375685117,88292.2,0.00266,False
1741375685117,88292.2,0.0001,False
1741375685117,88293.47,0.0001,False
1741375685117,88293.48,6e-05,False
1741375685117,88293.49,0.01132,False
1741375685117,88293.5,0.0001,False
1741375685117,88293.5,0.0001,False
1741375685117,88293.97,6e-05,False
1741375685117,88293.98,0.02729,False
1741375685117,88294.0,0.001,False
1741375685117,88294.86,6e-05,False
1741375685117,88295.25,6e-05,False
1741375685126,88295.26,0.0007,False
1741375685144,88295.26,0.0001,False
1741375685144,88295.27,0.00012,False
1741375685144,88295.7,0.00012,False
1741375685144,88296.68,6e-05,False
1741375685144,88296.69,0.0018,False
1741375685215,88296.69,0.0001,False
1741375685215,88296.8,0.00014,False
1741375685215,88297.01,6e-05,False
1741375685215,88297.02,0.01132,False
1741375685215,88297.04,0.00018,False
1741375685215,88297.04,0.00018,False
1741375685215,88297.04,0.00018,False
1741375685215,88297.04,0.0015,False
1741375685215,88297.24,0.0001,False
1741375685215,88297.75,0.003,False
1741375685215,88298.0,6e-05,False
1741375685261,88298.01,0.00969,False
1741375685261,88298.01,0.01692,False
1741375685261,88298.01,0.00013,False
1741375685261,88298.01,0.0001,False
1741375685263,88298.07,0.00014,False
1741375685263,88298.85,8e-05,False
1741375685263,88299.5,0.00012,False
1741375685263,88299.5,0.00012,False
1741375685263,88299.97,6e-05,False
1741375685263,88299.97,0.00014,False
1741375685268,88299.98,0.0001,False
1741375685268,88300.25,0.00011,False
1741375685268,88300.25,0.00011,False
1741375685268,88300.85,0.0001,False
1741375685268,88301.99,0.00013,False
1741375685268,88301.99,0.00013,False
1741375685268,88301.99,0.00012,False
1741375685268,88301.99,0.0001,False
1741375685268,88301.99,0.00012,False
1741375685850,88301.99,0.0001,True
1741375685932,88302.0,0.00607,False
1741375686546,88301.99,0.00066,True
1741375686635,88302.0,0.011,False
1741375686909,88301.99,0.00013,True
1741375686909,88301.99,0.00038,True
1741375686909,88301.99,6e-05,True
1741375686909,88301.99,0.0001,True
1741375686909,88301.98,6e-05,True
1741375686909,88301.98,6e-05,True
1741375686909,88301.97,0.00243,True
1741375686909,88301.97,6e-05,True
1741375686909,88301.95,6e-05,True
1741375686909,88301.94,6e-05,True
1741375686909,88301.93,6e-05,True
1741375686909,88301.84,0.00014,True
1741375686909,88301.84,6e-05,True
1741375686916,88301.08,6e-05,True
1741375686916,88301.08,0.0001,True
1741375686916,88300.24,8e-05,True
1741375686916,88300.24,8e-05,True
1741375686916,88300.24,8e-05,True
1741375686916,88300.24,6e-05,True
1741375686916,88300.24,6e-05,True
1741375686916,88300.23,0.01132,True
1741375686916,88300.23,6e-05,True
1741375686916,88300.2,6e-05,True
1741375686916,88300.2,6e-05,True
1741375686916,88300.0,6e-05,True
1741375686916,88300.0,6e-05,True
1741375686916,88298.01,6e-05,True
1741375686916,88297.54,6e-05,True
1741375686916,88297.54,6e-05,True
1741375686987,88297.54,7e-05,False
1741375687190,88297.53,0.00025,True
1741375687258,88297.54,0.00645,False
1741375687618,88297.53,0.02241,True
1741375687618,88297.53,0.00016,True
1741375687618,88297.53,6e-05,True
1741375687618,88297.53,0.00013,True
1741375687618,88297.53,8e-05,True
1741375687618,88297.53,0.0001,True
1741375687618,88297.52,6e-05,True
1741375687618,88297.49,6e-05,True
1741375687618,88297.47,6e-05,True
1741375687618,88297.42,6e-05,True
1741375687618,88297.39,0.00014,True
1741375687618,88297.39,6e-05,True
1741375687618,88297.38,0.00014,True
1741375687618,88297.38,0.00014,True
1741375687618,88297.38,0.00014,True
1741375687618,88297.37,0.00111,True
1741375687618,88297.37,6e-05,True
1741375687618,88297.37,6e-05,True
1741375687618,88297.36,6e-05,True
1741375687622,88295.56,7e-05,True
1741375687622,88294.95,6e-05,True
1741375687919,88294.95,0.00082,False
1741375688193,88294.94,0.00025,True
1741375688512,88294.95,0.00013,False
1741375688512,88294.95,0.00014,False
1741375688512,88294.95,6e-05,False
1741375688512,88294.95,6e-05,False
1741375688512,88294.95,6e-05,False
1741375688512,88294.95,6e-05,False
1741375688512,88294.95,6e-05,False
1741375688512,88294.95,6e-05,False
1741375688512,88294.95,0.0001,False
1741375688512,88294.95,0.00066,False
1741375688512,88295.49,6e-05,False
1741375688512,88295.49,6e-05,False
1741375688512,88295.5,6e-05,False
1741375688512,88295.5,6e-05,False
1741375688516,88295.51,6e-05,False
1741375688516,88295.51,6e-05,False
1741375688516,88295.51,0.001,False
1741375688516,88295.51,0.0001,False
1741375688516,88295.51,6e-05,False
1741375688516,88295.51,6e-05,False
1741375688516,88295.51,6e-05,False
1741375688516,88295.51,6e-05,False
1741375688516,88295.52,6e-05,False
1741375688516,88295.52,6e-05,False
1741375688516,88295.53,6e-05,False
1741375688516,88295.53,6e-05,False
1741375688516,88295.54,6e-05,False
1741375688516,88295.54,6e-05,False
1741375688516,88295.55,6e-05,False
1741375688516,88295.55,6e-05,False
1741375688516,88295.74,6e-05,False
1741375688516,88295.74,6e-05,False
1741375688516,88296.7,6e-05,False
1741375688516,88296.7,6e-05,False
1741375688516,88296.71,0.01132,False
1741375688516,88296.71,6e-05,False
1741375688516,88297.52,6e-05,False
1741375688516,88297.53,6e-05,False
1741375688894,88297.53,0.00173,True
1741375689123,88297.53,0.00114,True
1741375689749,88297.54,6e-05,False
1741375690566,88297.53,0.00014,True
1741375690566,88297.53,0.0003,True
1741375690702,88297.53,0.00025,True
1741375691034,88297.53,0.00154,True
1741375691034,88297.53,0.00055,True
1741375691282,88297.53,0.00096,True
1741375692811,88297.54,0.00061,False
1741375692950,88297.54,0.00049,False
1741375692973,88297.53,0.00077,True
1741375693022,88297.53,0.00076,True
1741375693469,88297.54,0.00024,False
1741375694228,88297.53,0.00026,True
1741375694279,88297.53,0.00015,True
1741375694279,88297.53,0.00541,True
1741375694279,88297.53,0.01461,True
1741375694279,88297.53,6e-05,True
1741375694279,88297.53,0.00028,True
1741375694279,88297.53,0.00014,True
1741375694279,88297.53,0.1,True
1741375694279,88297.53,0.00013,True
1741375694279,88297.53,0.00566,True
1741375694279,88297.53,0.00211,True
1741375694279,88297.53,0.02947,True
1741375694279,88297.53,0.12492,True
1741375694279,88297.53,0.0697,True
1741375694279,88297.53,0.03784,True
1741375694279,88297.53,0.00832,True
1741375694279,88297.53,0.03731,True
1741375694279,88297.53,0.4192,True
1741375694279,88297.53,0.03017,True
1741375694279,88297.53,0.01466,True
1741375694279,88297.53,0.17757,True
1741375694279,88297.53,0.00101,True
1741375694279,88297.53,0.00013,True
1741375694279,88297.53,0.00013,True
1741375694279,88297.53,0.1656,True
1741375694280,88297.53,0.0001,True
1741375694280,88297.52,6e-05,True
1741375694280,88297.51,6e-05,True
1741375694280,88297.5,6e-05,True
1741375694280,88297.49,6e-05,True
1741375694280,88297.48,6e-05,True
1741375694280,88297.48,6e-05,True
1741375694280,88297.47,6e-05,True
1741375694280,88297.47,0.36104,True
1741375694280,88297.46,0.06058,True
1741375694280,88297.46,0.05139,True
1741375694280,88297.46,0.19091,True
1741375694280,88297.46,0.19091,True
1741375694280,88297.46,0.01796,True
1741375694280,88297.46,0.03878,True
1741375694280,88297.46,0.15022,True
1741375694281,88297.46,0.04678,True
1741375694281,88297.46,6e-05,True
1741375694281,88296.91,0.00049,True
1741375694281,88296.69,0.00022,True
1741375694281,88296.54,0.02804,True
1741375694282,88296.11,6e-05,True
1741375694282,88296.11,6e-05,True
1741375694282,88296.11,6e-05,True
1741375694282,88296.1,9e-05,True
1741375694284,88295.75,6e-05,True
1741375694284,88294.95,0.00124,True
1741375694284,88294.94,0.0031,True
1741375694285,88294.94,0.0044,True
1741375694285,88294.94,0.00357,True
1741375694285,88294.94,0.00083,True
1741375694301,88296.11,0.0001,True
1741375694301,88296.11,6e-05,True
1741375694301,88296.11,6e-05,True
1741375694301,88296.11,0.0001,True
1741375694301,88296.11,6e-05,True
1741375694301,88296.02,8e-05,True
1741375694301,88296.01,6e-05,True
1741375694301,88296.0,6e-05,True
1741375694301,88296.0,6e-05,True
1741375694301,88295.99,6e-05,True
1741375694301,88295.95,0.00014,True
1741375694301,88295.75,0.00014,True
1741375694301,88295.75,6e-05,True
1741375694301,88295.75,6e-05,True
1741375694301,88295.55,6e-05,True
1741375694301,88295.54,6e-05,True
1741375694301,88295.53,0.02199,True
1741375694301,88294.95,6e-05,True
1741375694301,88294.95,6e-05,True
1741375694301,88294.95,6e-05,True
1741375694301,88294.95,6e-05,True
1741375694301,88294.95,6e-05,True
1741375694301,88294.94,0.00421,True
1741375694301,88294.94,6e-05,True
1741375694301,88293.85,6e-05,True
1741375694307,88292.99,6e-05,True
1741375694308,88292.98,0.003,True
1741375694308,88291.1,7e-05,True
1741375694308,88290.52,0.04452,True
1741375694312,88290.52,0.003,True
1741375694315,88290.0,0.01297,True
1741375694318,88290.0,0.00849,True
1741375694319,88290.0,0.0001,True
1741375694319,88290.0,6e-05,True
1741375694320,88289.12,6e-05,True
1741375694371,88288.76,6e-05,True
1741375694371,88288.76,0.0001,True
1741375694371,88288.76,0.00036,True
1741375694371,88288.75,6e-05,True
1741375694371,88288.61,6e-05,True
1741375694371,88288.56,6e-05,True
1741375694371,88288.56,6e-05,True
1741375694371,88288.56,0.00032,True
1741375694371,88288.56,0.00032,True
1741375694371,88288.56,8e-05,True
1741375694371,88288.56,0.00032,True
1741375694371,88288.55,0.00243,True
1741375694371,88288.55,6e-05,True
1741375694371,88288.15,6e-05,True
1741375694371,88288.15,6e-05,True
1741375694371,88288.14,0.00217,True
1741375694373,88288.14,0.00122,True
1741375694373,88288.14,6e-05,True
1741375694373,88288.14,0.0001,True
1741375694373,88287.31,6e-05,True
1741375694373,88287.01,6e-05,True
1741375694373,88287.0,0.0021,True
1741375694377,88287.0,0.00922,True
1741375694377,88287.0,6e-05,True
1741375694377,88287.0,0.0001,True
1741375694377,88286.36,0.0001,True
1741375694377,88286.35,0.003,True
1741375694377,88286.35,6e-05,True
1741375694380,88284.77,0.00014,True
1741375694380,88284.77,6e-05,True
1741375694380,88284.77,0.0001,True
1741375694380,88284.76,6e-05,True
1741375694380,88284.76,6e-05,True
1741375694380,88284.75,0.00498,True
1741375694382,88284.75,0.00844,True
1741375694386,88284.75,0.0075,True
1741375694386,88284.75,6e-05,True
1741375694386,88284.75,0.0001,True
1741375694386,88284.33,6e-05,True
1741375694386,88284.32,0.00296,True
1741375694395,88284.32,4e-05,True
1741375694395,88284.32,6e-05,True
1741375694395,88284.32,0.0001,True
1741375694395,88284.22,0.00012,True
1741375694395,88284.22,6e-05,True
1741375694395,88284.01,6e-05,True
1741375694395,88284.01,6e-05,True
1741375694395,88284.0,0.005,True
1741375694395,88284.0,6e-05,True
1741375694401,88281.72,6e-05,True
1741375694401,88281.72,6e-05,True
1741375694401,88281.72,0.0001,True
1741375694401,88281.71,0.00228,True
1741375694423,88281.71,0.00321,True
1741375694424,88281.71,0.0041,True
1741375694426,88281.71,0.00173,True
1741375694426,88281.71,6e-05,True
1741375694426,88281.71,0.0001,True
1741375694426,88281.71,6e-05,True
1741375694426,88281.71,6e-05,True
1741375694426,88281.7,0.00035,True
1741375694426,88281.7,6e-05,True
1741375694426,88281.62,0.00012,True
1741375694426,88281.61,0.00036,True
1741375694427,88281.61,2e-05,True
1741375694427,88281.61,6e-05,True
1741375694427,88281.59,6e-05,True
1741375694427,88281.59,0.00035,True
1741375694427,88281.59,0.00014,True
1741375694427,88281.59,0.00021,True
1741375694427,88281.54,6e-05,True
1741375694427,88281.54,3e-05,True
1741375694428,88281.54,3e-05,True
1741375694428,88280.69,0.00012,True
1741375694428,88280.69,6e-05,True
1741375694428,88280.63,6e-05,True
1741375694428,88280.63,3e-05,True
1741375694428,88280.63,3e-05,True
1741375694428,88280.62,6e-05,True
1741375694428,88280.0,6e-05,True
1741375694428,88279.77,6e-05,True
1741375694432,88280.1,6e-05,True
1741375694432,88280.1,0.0001,True
1741375694432,88280.1,6e-05,True
1741375694432,88280.01,6e-05,True
1741375694432,88279.77,6e-05,True
1741375694432,88279.42,6e-05,True
1741375694432,88279.42,6e-05,True
1741375694469,88279.41,0.00603,True
1741375694475,88279.41,0.00712,True
1741375694487,88279.41,0.01569,True
1741375694498,88279.41,0.0003,True
1741375694498,88279.41,6e-05,True
1741375694514,88279.41,0.00059,True
1741375694514,88279.41,0.00021,True
1741375694526,88279.41,0.01904,True
1741375694526,88279.41,0.00997,True
1741375694526,88279.41,3e-05,True
1741375694531,88279.41,3e-05,True
1741375694531,88279.41,3e-05,True
1741375694531,88279.41,7e-05,True
1741375694531,88279.41,0.0001,True
1741375694531,88279.41,0.00014,True
1741375694531,88279.41,0.00014,True
1741375694531,88279.41,0.00012,True
1741375694531,88279.41,0.00011,True
1741375694531,88279.41,0.00011,True
1741375694531,88279.4,6e-05,True
1741375694531,88279.32,0.00011,True
1741375694531,88279.32,6e-05,True
1741375694531,88279.31,0.00014,True
1741375694531,88279.31,6e-05,True
1741375694531,88279.26,0.00014,True
1741375694531,88279.26,6e-05,True
1741375694531,88278.88,6e-05,True
1741375694531,88278.88,6e-05,True
1741375694531,88278.17,0.00052,True
1741375694531,88278.17,6e-05,True
1741375694531,88278.15,0.00012,True
1741375694531,88278.15,6e-05,True
1741375694531,88277.99,6e-05,True
1741375694531,88277.11,0.00018,True
1741375694531,88276.01,6e-05,True
1741375694531,88276.01,0.00118,True
1741375694534,88276.0,0.01631,True
1741375694541,88276.0,0.00422,True
1741375694599,88276.01,0.00012,False
1741375694599,88276.0,0.00024,True
1741375694718,88276.0,0.00025,True
1741375695101,88276.01,6e-05,False
1741375695101,88276.01,6e-05,False
1741375695311,88276.0,0.00017,True
1741375695363,88276.0,6e-05,True
1741375695363,88276.0,0.00017,True
1741375695363,88276.0,0.00013,True
1741375695363,88276.0,0.00013,True
1741375695363,88276.0,0.00012,True
1741375695363,88276.0,0.0001,True
1741375695363,88276.0,0.0001,True
1741375695363,88275.99,6e-05,True
1741375695363,88275.96,6e-05,True
1741375695363,88275.95,6e-05,True
1741375695363,88275.93,6e-05,True
1741375695363,88275.58,0.00019,True
1741375695363,88275.58,0.00019,True
1741375695363,88275.58,6e-05,True
1741375695363,88275.57,6e-05,True
1741375695363,88275.57,0.00013,True
1741375695363,88275.56,6e-05,True
1741375695363,88275.33,6e-05,True
1741375695363,88275.15,6e-05,True
1741375695363,88275.14,0.00243,True
1741375695363,88274.44,6e-05,True
1741375695363,88274.25,6e-05,True
1741375695363,88274.24,0.01132,True
1741375695363,88274.02,0.00012,True
1741375695365,88273.55,0.0024,True
1741375695718,88273.55,0.0001,True
1741375695718,88273.55,6e-05,True
1741375695718,88273.55,9e-05,True
1741375696074,88273.55,1e-05,True
1741375696074,88273.55,6e-05,True
1741375696074,88273.55,6e-05,True
1741375696074,88273.55,0.00012,True
1741375696074,88273.55,0.0001,True
1741375696074,88273.55,0.00014,True
1741375696074,88273.55,0.0001,True
1741375696074,88273.55,0.0001,True
1741375696074,88273.54,6e-05,True
1741375696074,88273.53,6e-05,True
1741375696074,88273.52,6e-05,True
1741375696074,88273.48,0.00013,True
1741375696074,88273.48,6e-05,True
1741375696074,88273.46,0.00014,True
1741375696074,88273.46,6e-05,True
1741375696074,88273.29,0.0001,True
1741375696074,88273.29,6e-05,True
1741375696074,88273.28,6e-05,True
1741375696074,88273.23,0.00012,True
1741375696074,88273.23,0.00012,True
1741375696074,88273.23,0.00012,True
1741375696074,88273.22,0.00036,True
1741375696074,88273.2,6e-05,True
1741375696074,88273.19,0.00566,True
1741375696074,88273.19,6e-05,True
1741375696074,88273.18,0.00339,True
1741375696074,88272.98,7e-05,True
1741375696074,88272.88,0.00014,True
1741375696074,88272.66,6e-05,True
1741375696074,88272.23,6e-05,True
1741375696074,88272.02,6e-05,True
1741375696082,88272.01,9e-05,True
1741375696082,88272.01,0.0001,True
1741375696082,88272.01,6e-05,True
1741375696082,88272.01,8e-05,True
1741375696082,88272.01,6e-05,True
1741375696082,88272.01,6e-05,True
1741375696082,88272.01,9e-05,True
1741375696082,88272.01,6e-05,True
1741375696084,88271.8,6e-05,True
1741375696084,88271.79,0.01132,True
1741375696084,88271.79,6e-05,True
1741375696084,88271.77,6e-05,True
1741375696084,88270.85,0.00054,True
1741375696084,88270.85,6e-05,True
1741375696084,88270.01,6e-05,True
1741375696085,88269.96,6e-05,True
1741375696085,88269.95,0.0204,True
1741375696085,88269.95,6e-05,True
1741375696085,88268.45,0.003,True
1741375696085,88268.45,6e-05,True
1741375696085,88268.0,6e-05,True
1741375696116,88267.19,0.00024,True
1741375696116,88267.19,0.0001,True
1741375696116,88267.19,0.00024,True
1741375696116,88267.19,0.00024,True
1741375696116,88267.19,0.00014,True
1741375696116,88267.19,6e-05,True
1741375696116,88267.18,6e-05,True
1741375696116,88267.08,0.00014,True
1741375696116,88267.08,6e-05,True
1741375696116,88267.03,0.00013,True
1741375696116,88266.51,6e-05,True
1741375696116,88266.51,6e-05,True
1741375696126,88266.51,0.00039,False
1741375696141,88266.5,0.00255,True
1741375696143,88266.5,0.00663,True
1741375696148,88266.5,0.00214,True
1741375696148,88266.5,0.0001,True
1741375696148,88265.9,0.00052,True
1741375696148,88265.83,7e-05,True
1741375696148,88265.56,6e-05,True
1741375696148,88264.86,6e-05,True
1741375696148,88264.86,0.00011,True
1741375696148,88264.86,0.00011,True
1741375696148,88264.86,0.00035,True
1741375696148,88264.85,0.00095,True
1741375696148,88264.85,0.00018,True
1741375696148,88264.85,0.00284,True
1741375696148,88264.43,7e-05,True
1741375696148,88264.36,0.00012,True
1741375696148,88264.13,6e-05,True
