timestamp,price,volume,is_ask
1741636594028,79131.89,0.00014,False
1741636594210,79131.89,7e-05,False
1741636594210,79131.89,7e-05,False
1741636594210,79131.89,7e-05,False
1741636594210,79131.89,0.00079,False
1741636594215,79131.89,0.00223,False
1741636594215,79131.89,0.00014,False
1741636594215,79131.89,7e-05,False
1741636594215,79131.89,7e-05,False
1741636594215,79131.89,7e-05,False
1741636594215,79131.89,8e-05,False
1741636594272,79131.88,0.00561,True
1741636594274,79131.89,7e-05,False
1741636594274,79131.89,7e-05,False
1741636594274,79131.89,7e-05,False
1741636594274,79131.89,7e-05,False
1741636594274,79131.89,0.00052,False
1741636594274,79131.89,7e-05,False
1741636594274,79131.89,7e-05,False
1741636594274,79131.89,7e-05,False
1741636594274,79131.89,7e-05,False
1741636594274,79131.89,7e-05,False
1741636594274,79131.89,0.0001,False
1741636594274,79131.89,0.0001,False
1741636594274,79131.89,0.0001,False
1741636594274,79131.9,0.00058,False
1741636594274,79131.9,0.00014,False
1741636594274,79131.9,0.00014,False
1741636594274,79131.9,7e-05,False
1741636594274,79131.9,7e-05,False
1741636594274,79131.91,0.00014,False
1741636594274,79131.91,7e-05,False
1741636594274,79131.91,7e-05,False
1741636594274,79131.99,7e-05,False
1741636594274,79131.99,7e-05,False
1741636594274,79132.0,7e-05,False
1741636594274,79132.0,7e-05,False
1741636594274,79132.53,7e-05,False
1741636594274,79132.59,7e-05,False
1741636594274,79132.59,7e-05,False
1741636594274,79133.39,7e-05,False
1741636594274,79134.15,0.00011,False
1741636594274,79135.46,0.00101,False
1741636594274,79135.99,9e-05,False
1741636594274,79135.99,7e-05,False
1741636594274,79135.99,7e-05,False
1741636594274,79135.99,7e-05,False
1741636594274,79137.14,0.00013,False
1741636594274,79137.29,0.00014,False
1741636594274,79137.85,0.00127,False
1741636594274,79137.99,0.00013,False
1741636594274,79137.99,7e-05,False
1741636594274,79137.99,7e-05,False
1741636594274,79137.99,7e-05,False
1741636594489,79138.0,7e-05,False
1741636594489,79138.0,7e-05,False
1741636594489,79138.0,7e-05,False
1741636594489,79138.0,0.00013,False
1741636594489,79138.0,0.00101,False
1741636594489,79138.0,7e-05,False
1741636594489,79138.0,0.0001,False
1741636594489,79138.0,0.0001,False
1741636594489,79138.0,0.0001,False
1741636594489,79138.0,7e-05,False
1741636594489,79138.0,0.00055,False
1741636594489,79138.0,7e-05,False
1741636594489,79138.01,0.00019,False
1741636594489,79138.01,0.00051,False
1741636594489,79138.01,0.00014,False
1741636594489,79138.01,0.00014,False
1741636594489,79138.01,7e-05,False
1741636594489,79138.01,7e-05,False
1741636594489,79138.02,0.00013,False
1741636594489,79138.02,7e-05,False
1741636594489,79138.02,7e-05,False
1741636594489,79138.14,7e-05,False
1741636594489,79138.14,7e-05,False
1741636594489,79138.14,7e-05,False
1741636594489,79138.82,0.00034,False
1741636594489,79138.82,0.00034,False
1741636594489,79138.82,0.00034,False
1741636594489,79138.82,7e-05,False
1741636594489,79138.82,7e-05,False
1741636594489,79138.93,7e-05,False
1741636594489,79138.93,7e-05,False
1741636594489,79139.11,7e-05,False
1741636594489,79139.35,7e-05,False
1741636594489,79139.5,7e-05,False
1741636594489,79139.72,7e-05,False
1741636594489,79139.78,8e-05,False
1741636594489,79139.79,0.00012,False
1741636594489,79139.99,7e-05,False
1741636594489,79139.99,7e-05,False
1741636594489,79139.99,7e-05,False
1741636594656,79139.99,0.0011,True
1741636594656,79139.99,0.0011,True
1741636594657,79139.99,0.0011,True
1741636594657,79139.99,0.0011,True
1741636594657,79139.99,0.0011,True
1741636594657,79139.99,0.0011,True
1741636594657,79139.99,0.0011,True
1741636594657,79139.99,0.0011,True
1741636594657,79139.99,0.00087,True
1741636594657,79139.99,0.00023,True
1741636594657,79139.99,0.0011,True
1741636594657,79139.99,0.0011,True
1741636594657,79139.99,0.0011,True
1741636594657,79139.99,0.0011,True
1741636594657,79139.99,0.0011,True
1741636594657,79139.99,0.0011,True
1741636594657,79139.99,0.0011,True
1741636594657,79139.99,0.0011,True
1741636594658,79139.99,0.00677,True
1741636594659,79139.99,0.0011,True
1741636594659,79139.99,0.0011,True
1741636594661,79139.99,0.00677,True
1741636594663,79139.99,0.00677,True
1741636594664,79139.99,0.00677,True
1741636594666,79139.99,0.00677,True
1741636594677,79140.0,0.00069,False
1741636594909,79139.99,0.04,True
1741636595011,79139.99,0.00112,True
1741636595079,79140.0,0.0001,False
1741636595416,79139.99,0.00114,True
1741636595912,79140.0,0.00738,False
1741636596075,79140.0,0.01381,False
1741636596419,79139.99,0.00481,True
1741636597846,79140.0,0.00128,False
1741636597848,79140.0,0.0066,False
1741636598086,79140.0,0.02619,False
1741636598199,79140.0,0.00126,False
1741636598454,79140.0,0.01972,False
1741636598454,79140.0,7e-05,False
1741636598454,79140.0,7e-05,False
1741636598454,79140.0,7e-05,False
1741636598454,79140.0,0.00174,False
1741636598454,79140.0,0.00014,False
1741636598454,79140.0,0.00235,False
1741636598454,79140.0,0.00598,False
1741636598454,79140.0,0.00225,False
1741636598454,79140.0,7e-05,False
1741636598454,79140.0,8e-05,False
1741636598454,79140.0,7e-05,False
1741636598454,79140.0,7e-05,False
1741636598454,79140.0,0.00532,False
1741636598457,79140.0,0.02737,False
1741636598457,79140.0,0.0001,False
1741636598457,79140.0,0.07171,False
1741636598457,79140.0,0.0001,False
1741636598457,79140.0,0.0048,False
1741636598457,79140.0,0.0001,False
1741636598457,79140.0,0.0001,False
1741636598457,79140.0,8e-05,False
1741636598457,79140.0,0.0001,False
1741636598457,79140.0,0.0001,False
1741636598457,79140.0,0.0001,False
1741636598457,79140.0,7e-05,False
1741636598457,79140.0,7e-05,False
1741636598457,79140.0,7e-05,False
1741636598457,79140.0,7e-05,False
1741636598457,79140.0,7e-05,False
1741636598457,79140.0,7e-05,False
1741636598457,79140.01,0.0001,False
1741636598457,79140.01,0.00014,False
1741636598457,79140.01,0.00013,False
1741636598457,79140.01,7e-05,False
1741636598457,79140.01,7e-05,False
1741636598457,79140.01,0.00058,False
1741636598457,79140.02,7e-05,False
1741636598457,79140.02,7e-05,False
1741636598457,79140.02,0.00013,False
1741636598457,79140.09,7e-05,False
1741636598457,79140.09,7e-05,False
1741636598457,79140.1,7e-05,False
1741636598457,79140.1,7e-05,False
1741636598457,79140.21,6e-05,False
1741636598457,79140.21,1e-05,False
1741636598457,79140.32,7e-05,False
1741636598457,79140.51,7e-05,False
1741636598457,79140.51,7e-05,False
1741636598457,79140.83,0.0001,False
1741636598457,79140.83,0.0001,False
1741636598457,79140.83,0.0001,False
1741636598457,79141.3,7e-05,False
1741636598457,79141.7,0.00022,False
1741636598457,79141.76,7e-05,False
1741636598457,79141.76,7e-05,False
1741636598457,79141.76,7e-05,False
1741636598457,79141.77,8e-05,False
1741636598457,79141.77,0.00154,False
1741636598457,79141.99,7e-05,False
1741636598457,79141.99,7e-05,False
1741636598457,79141.99,7e-05,False
1741636598457,79142.7,0.003,False
1741636598457,79142.89,7e-05,False
1741636598457,79143.72,0.00021,False
1741636598457,79143.72,0.00028,False
1741636598457,79143.72,0.00081,False
1741636598705,79143.93,0.00278,True
1741636598705,79143.93,0.08283,True
1741636598705,79143.93,0.04316,True
1741636598705,79143.93,0.0356,True
1741636598705,79143.93,0.0001,True
1741636598705,79143.93,0.00035,True
1741636598705,79143.93,0.0001,True
1741636598705,79143.93,0.12182,True
1741636598705,79143.93,0.0001,True
1741636598705,79143.93,0.0008,True
1741636598705,79143.93,0.13314,True
1741636598705,79143.93,0.07922,True
1741636598705,79143.93,0.01,True
1741636598806,79143.93,0.0001,True
1741636598806,79143.93,0.0001,True
1741636598806,79143.93,0.00013,True
1741636598806,79143.93,0.00014,True
1741636598806,79143.93,0.001,True
1741636598806,79143.93,0.00179,True
1741636598806,79143.93,0.0001,True
1741636598806,79143.93,0.0001,True
1741636598806,79143.93,0.0001,True
1741636598806,79143.93,0.0001,True
1741636598806,79143.93,0.0001,True
1741636598806,79143.92,0.00013,True
1741636598806,79143.92,0.00014,True
1741636598806,79143.69,7e-05,True
1741636598806,79142.9,7e-05,True
1741636598806,79141.31,7e-05,True
1741636598806,79140.0,7e-05,True
1741636598806,79140.0,7e-05,True
1741636598806,79140.0,7e-05,True
1741636598909,79140.0,0.0003,False
1741636598933,79139.99,0.00362,True
1741636598933,79139.99,0.00359,True
1741636598933,79139.99,0.00301,True
1741636598933,79139.99,0.0001,True
1741636598933,79139.99,0.0001,True
1741636598933,79139.99,0.0001,True
1741636598933,79139.99,0.00014,True
1741636598933,79139.98,0.00013,True
1741636598933,79138.01,7e-05,True
1741636598933,79138.01,7e-05,True
1741636598933,79138.01,7e-05,True
1741636598933,79138.01,7e-05,True
1741636598935,79137.15,0.00013,True
1741636599012,79136.37,0.00132,False
1741636599016,79136.36,0.00021,True
1741636599016,79136.36,0.00021,True
1741636599016,79136.36,0.00021,True
1741636599016,79136.36,0.0001,True
1741636599016,79136.36,0.0001,True
1741636599016,79136.36,0.0001,True
1741636599016,79136.35,0.00017,True
1741636599016,79136.35,0.00013,True
1741636599016,79136.35,0.00014,True
1741636599016,79136.01,7e-05,True
1741636599016,79134.23,8e-05,True
1741636599016,79134.01,7e-05,True
1741636599016,79133.4,7e-05,True
1741636599016,79132.68,0.00014,True
1741636599016,79132.08,7e-05,True
1741636599016,79132.08,7e-05,True
1741636599016,79132.08,7e-05,True
1741636599016,79132.07,0.003,True
1741636599016,79132.01,7e-05,True
1741636599016,79132.01,7e-05,True
1741636599016,79132.01,7e-05,True
1741636599016,79132.01,7e-05,True
1741636599016,79131.94,0.00097,True
1741636599016,79131.7,0.00505,True
1741636599016,79131.22,7e-05,True
1741636599016,79131.22,7e-05,True
1741636599016,79131.22,7e-05,True
1741636599034,79131.22,0.0005,False
1741636599047,79131.2,0.0001,True
1741636599054,79130.13,0.00012,True
1741636599163,79130.13,0.00019,True
1741636599163,79130.13,1e-05,True
1741636599511,79130.14,7e-05,False
1741636599511,79130.14,7e-05,False
1741636599511,79130.14,7e-05,False
1741636599511,79130.14,7e-05,False
1741636599511,79130.14,0.00055,False
1741636599511,79130.14,0.00014,False
1741636599511,79130.14,0.0542,False
1741636599511,79130.14,7e-05,False
1741636599511,79130.14,0.00495,False
1741636599511,79130.14,7e-05,False
1741636599511,79130.14,0.0001,False
1741636599511,79130.14,0.0001,False
1741636599511,79130.15,0.00013,False
1741636599511,79130.15,7e-05,False
1741636599511,79130.15,7e-05,False
1741636599511,79130.15,0.00013,False
1741636599511,79130.15,0.00017,False
1741636599511,79130.15,0.00036,False
1741636599511,79130.16,0.00013,False
1741636599511,79130.16,7e-05,False
1741636599511,79130.16,7e-05,False
1741636599511,79130.22,7e-05,False
1741636599511,79130.22,7e-05,False
1741636599511,79130.22,7e-05,False
1741636599511,79130.73,7e-05,False
1741636599511,79130.73,7e-05,False
1741636599511,79130.74,5e-05,False
1741636599516,79130.74,2e-05,False
1741636599516,79130.74,7e-05,False
1741636599516,79130.74,7e-05,False
1741636599516,79130.74,7e-05,False
1741636599516,79130.74,7e-05,False
1741636599516,79130.74,3e-05,False
1741636599520,79130.74,7e-05,False
1741636599520,79130.74,0.00056,False
1741636599520,79130.74,0.0001,False
1741636599520,79130.74,0.0001,False
1741636599520,79130.74,7e-05,False
1741636599520,79130.74,3e-05,False
1741636599520,79130.74,4e-05,False
1741636599520,79130.76,0.00019,False
1741636599523,79130.74,7e-05,False
1741636599523,79130.74,7e-05,False
1741636599523,79130.74,7e-05,False
1741636599523,79130.74,0.0001,False
1741636599523,79130.74,0.0001,False
1741636599523,79130.74,7e-05,False
1741636599523,79130.74,7e-05,False
1741636599523,79130.76,0.00032,False
1741636599523,79130.76,3e-05,False
1741636599523,79130.76,7e-05,False
1741636599523,79130.76,7e-05,False
1741636599523,79130.88,6e-05,False
1741636599542,79130.88,1e-05,False
1741636599542,79130.88,7e-05,False
1741636599542,79130.88,7e-05,False
1741636599542,79130.88,7e-05,False
1741636599542,79130.88,7e-05,False
1741636599542,79130.88,7e-05,False
1741636599542,79130.88,0.00056,False
1741636599542,79130.88,0.00014,False
1741636599542,79130.88,0.0001,False
1741636599542,79130.88,7e-05,False
1741636599542,79130.88,0.0001,False
1741636599542,79130.89,7e-05,False
1741636599542,79130.89,7e-05,False
1741636599542,79130.9,0.00035,False
1741636599542,79130.9,0.00017,False
1741636599585,79130.9,6e-05,False
1741636599585,79130.9,7e-05,False
1741636599585,79130.9,7e-05,False
1741636599585,79130.9,0.0001,False
1741636599585,79130.9,0.0001,False
1741636599585,79130.9,7e-05,False
1741636599585,79130.9,7e-05,False
1741636599585,79130.9,7e-05,False
1741636599585,79130.9,7e-05,False
1741636599585,79130.9,0.00051,False
1741636599585,79130.9,7e-05,False
1741636599585,79130.9,7e-05,False
1741636599585,79130.9,7e-05,False
1741636599585,79130.9,7e-05,False
1741636599585,79130.91,0.00013,False
1741636599585,79130.91,7e-05,False
1741636599585,79130.91,7e-05,False
1741636599585,79130.92,1e-05,False
1741636599585,79130.92,0.0002,False
1741636599618,79130.92,0.00033,False
1741636599618,79130.92,0.00014,False
1741636599618,79130.92,7e-05,False
1741636599618,79130.92,7e-05,False
1741636599618,79130.92,7e-05,False
1741636599618,79130.92,7e-05,False
1741636599618,79130.92,7e-05,False
1741636599618,79130.92,7e-05,False
1741636599618,79130.92,7e-05,False
1741636599618,79130.92,7e-05,False
1741636599618,79130.92,0.0001,False
1741636599618,79130.92,0.0001,False
1741636599618,79130.94,0.00055,False
1741636599618,79130.94,7e-05,False
1741636599618,79130.94,7e-05,False
1741636599618,79131.01,7e-05,False
1741636599618,79131.01,7e-05,False
1741636599618,79131.99,7e-05,False
1741636599618,79131.99,7e-05,False
1741636599618,79133.13,6e-05,False
1741636599716,79133.13,8e-05,False
1741636599716,79133.13,7e-05,False
1741636599716,79133.13,7e-05,False
1741636599716,79133.13,7e-05,False
1741636599716,79133.13,7e-05,False
1741636599716,79133.13,7e-05,False
1741636599716,79133.13,7e-05,False
1741636599716,79133.13,0.0001,False
1741636599716,79133.13,0.0001,False
1741636599716,79133.13,0.00053,False
1741636599716,79133.14,0.00013,False
1741636599716,79133.14,7e-05,False
1741636599716,79133.14,7e-05,False
1741636599716,79133.15,0.00052,False
1741636599716,79133.15,7e-05,False
1741636599716,79133.15,7e-05,False
1741636599716,79133.39,7e-05,False
1741636599716,79133.39,7e-05,False
1741636599716,79133.99,7e-05,False
1741636599716,79133.99,7e-05,False
1741636599716,79134.0,7e-05,False
1741636599716,79134.68,7e-05,False
1741636599716,79135.46,7e-05,False
1741636599716,79135.46,7e-05,False
1741636599716,79135.46,7e-05,False
1741636599716,79135.46,7e-05,False
1741636599747,79135.99,9e-05,False
1741636599747,79135.99,7e-05,False
1741636599747,79135.99,0.00056,False
1741636599747,79135.99,7e-05,False
1741636599747,79135.99,0.0001,False
1741636599747,79135.99,0.0001,False
1741636599747,79135.99,7e-05,False
1741636599747,79135.99,7e-05,False
1741636599747,79135.99,0.00014,False
1741636599747,79135.99,7e-05,False
1741636599747,79135.99,7e-05,False
1741636599747,79136.01,0.0004,False
1741636599759,79136.01,0.00014,False
1741636599759,79136.01,7e-05,False
1741636599759,79136.01,7e-05,False
1741636599759,79136.01,7e-05,False
1741636599759,79136.01,7e-05,False
1741636599759,79136.01,0.0001,False
1741636599759,79136.01,7e-05,False
1741636599759,79136.01,7e-05,False
1741636599759,79136.01,0.0001,False
1741636599759,79136.01,7e-05,False
1741636599759,79136.01,7e-05,False
1741636599759,79136.03,0.00058,False
1741636599759,79136.03,0.00014,False
1741636599759,79136.03,7e-05,False
1741636599759,79136.2,7e-05,False
1741636599759,79136.2,7e-05,False
1741636599759,79136.77,7e-05,False
1741636599759,79136.77,7e-05,False
1741636599759,79137.13,0.0002,False
1741636599759,79137.13,7e-05,False
1741636599759,79137.13,7e-05,False
1741636599759,79137.14,0.00013,False
1741636599759,79137.14,7e-05,False
1741636599759,79137.29,7e-05,False
1741636599759,79137.99,8e-05,False
1741636599759,79137.99,7e-05,False
1741636599759,79137.99,0.00011,False
1741636599759,79137.99,7e-05,False
1741636599759,79138.0,0.00114,False
1741636599759,79139.72,7e-05,False
1741636599759,79140.0,0.00033,False
1741636599798,79140.0,0.0007,False
1741636599798,79140.0,7e-05,False
1741636599798,79140.0,7e-05,False
1741636599798,79140.0,7e-05,False
1741636599798,79140.0,0.00017,False
1741636599798,79140.0,0.00014,False
1741636599798,79140.0,0.00051,False
1741636599798,79140.0,0.00111,False
1741636599798,79140.0,7e-05,False
1741636599798,79140.0,7e-05,False
1741636599798,79140.0,7e-05,False
1741636599798,79140.01,0.00013,False
1741636599798,79140.01,7e-05,False
1741636599798,79140.01,7e-05,False
1741636599798,79140.01,0.00014,False
1741636599798,79140.02,0.00055,False
1741636599798,79140.02,7e-05,False
1741636599798,79140.02,7e-05,False
1741636599798,79140.51,7e-05,False
1741636599798,79140.51,7e-05,False
1741636599798,79140.51,7e-05,False
1741636599901,79141.5,7e-05,False
1741636599901,79141.5,7e-05,False
1741636599901,79141.5,7e-05,False
1741636599901,79141.5,7e-05,False
1741636599901,79141.5,0.00054,False
1741636599901,79141.5,7e-05,False
1741636599901,79141.5,7e-05,False
1741636599901,79141.5,0.00018,False
1741636599901,79141.5,0.00018,False
1741636599901,79141.5,0.00083,False
1741636599916,79141.49,0.04,True
1741636599961,79141.5,7e-05,False
1741636599961,79141.5,7e-05,False
1741636599961,79141.5,7e-05,False
1741636599961,79141.5,7e-05,False
1741636599961,79141.5,7e-05,False
1741636599961,79141.5,7e-05,False
1741636599961,79141.5,8e-05,False
1741636599961,79141.5,0.00014,False
1741636599961,79141.5,0.00053,False
1741636599961,79141.51,8e-05,False
1741636599961,79141.51,7e-05,False
1741636599961,79141.51,7e-05,False
1741636599961,79141.51,0.00014,False
1741636599961,79141.52,7e-05,False
1741636599961,79141.52,7e-05,False
1741636599961,79141.52,0.00058,False
1741636599961,79141.52,0.00013,False
1741636599961,79141.53,7e-05,False
1741636599961,79141.53,7e-05,False
1741636599961,79141.81,7e-05,False
1741636599961,79141.81,7e-05,False
1741636599961,79141.99,7e-05,False
1741636599961,79141.99,0.0001,False
1741636599961,79142.0,7e-05,False
1741636599961,79142.09,7e-05,False
1741636599961,79142.09,7e-05,False
1741636599961,79142.89,7e-05,False
1741636599961,79142.89,7e-05,False
1741636599961,79142.89,7e-05,False
1741636599961,79142.9,0.02001,False
1741636600009,79142.9,7e-05,False
1741636600009,79142.9,7e-05,False
1741636600009,79142.9,7e-05,False
1741636600009,79142.9,7e-05,False
1741636600009,79142.9,7e-05,False
1741636600009,79142.9,7e-05,False
1741636600009,79142.9,0.00051,False
1741636600009,79142.9,7e-05,False
1741636600009,79142.91,7e-05,False
1741636600009,79142.91,7e-05,False
1741636600009,79142.91,7e-05,False
1741636600009,79142.91,0.00013,False
1741636600009,79142.92,0.00057,False
1741636600009,79142.92,7e-05,False
1741636600009,79142.92,7e-05,False
1741636600009,79143.46,7e-05,False
1741636600009,79143.46,7e-05,False
1741636600009,79143.68,7e-05,False
1741636600009,79143.68,7e-05,False
1741636600009,79143.68,7e-05,False
1741636600009,79143.72,7e-05,False
1741636600009,79143.99,0.00013,False
1741636600009,79143.99,7e-05,False
1741636600009,79144.0,7e-05,False
1741636600315,79145.86,0.00022,False
1741636600315,79145.86,0.00022,False
1741636600315,79145.86,0.00022,False
1741636600315,79145.86,7e-05,False
1741636600315,79145.86,7e-05,False
1741636600315,79145.86,7e-05,False
1741636600315,79145.86,0.00015,False
1741636600315,79145.86,7e-05,False
1741636600315,79145.86,7e-05,False
1741636600315,79145.86,7e-05,False
1741636600315,79145.86,0.00013,False
1741636600315,79145.86,0.00055,False
1741636600315,79145.86,0.00026,False
1741636600319,79145.85,0.00021,True
1741636600514,79145.86,0.01263,False
1741636600571,79145.86,0.00099,False
1741636600596,79145.86,0.00125,False
1741636600757,79145.86,0.00023,False
1741636600805,79145.86,0.00014,False
1741636600910,79145.85,0.00021,True
1741636601047,79145.86,0.00023,False
1741636601075,79145.86,0.00051,False
1741636601113,79145.85,0.00025,True
1741636601133,79145.86,0.01426,False
1741636601133,79145.86,0.02374,False
1741636601208,79145.85,7e-05,True
1741636601291,79145.86,7e-05,False
1741636601291,79145.86,7e-05,False
1741636601291,79145.86,7e-05,False
1741636601291,79145.86,7e-05,False
1741636601291,79145.86,7e-05,False
1741636601291,79145.86,0.00013,False
1741636601291,79145.86,7e-05,False
1741636601291,79145.86,0.0005,False
1741636601515,79145.86,0.00048,False
1741636601515,79145.86,7e-05,False
1741636601515,79145.86,7e-05,False
1741636601515,79145.86,7e-05,False
1741636601515,79145.86,7e-05,False
1741636601515,79145.86,7e-05,False
1741636601515,79145.86,7e-05,False
1741636601515,79145.86,0.00013,False
1741636601515,79145.87,0.00013,False
1741636601515,79145.87,7e-05,False
1741636601515,79145.87,7e-05,False
1741636601515,79145.87,0.00014,False
1741636601515,79145.87,0.00053,False
1741636601515,79145.88,0.00013,False
1741636601515,79145.88,7e-05,False
1741636601515,79145.88,7e-05,False
1741636601515,79145.92,7e-05,False
1741636601515,79145.92,7e-05,False
1741636601515,79145.99,7e-05,False
1741636601515,79145.99,7e-05,False
1741636601515,79145.99,9e-05,False
1741636601515,79146.0,7e-05,False
1741636601515,79146.14,7e-05,False
1741636601515,79146.15,7e-05,False
1741636601515,79146.15,0.00011,False
1741636601515,79146.15,7e-05,False
1741636601515,79146.15,7e-05,False
1741636601515,79146.15,7e-05,False
1741636601570,79146.16,0.00631,False
1741636601653,79146.15,0.00961,True
1741636602071,79146.16,0.00333,False
1741636602134,79146.16,0.038,False
1741636602138,79146.16,0.02562,False
1741636602326,79146.16,0.0306,False
1741636602326,79146.16,0.05877,False
1741636602326,79146.16,0.01897,False
1741636602327,79146.16,0.03754,False
1741636602327,79146.16,7e-05,False
1741636602327,79146.16,7e-05,False
1741636602327,79146.16,7e-05,False
1741636602327,79146.16,0.02163,False
1741636602327,79146.16,7e-05,False
1741636602327,79146.16,7e-05,False
1741636602327,79146.16,0.00013,False
1741636602327,79146.16,7e-05,False
1741636602327,79146.16,0.00257,False
1741636602328,79146.17,0.00052,False
1741636602328,79146.17,7e-05,False
1741636602328,79146.17,7e-05,False
1741636602328,79146.17,0.00013,False
1741636602328,79146.17,0.00013,False
1741636602328,79146.18,0.00013,False
1741636602328,79146.18,7e-05,False
1741636602328,79146.18,7e-05,False
1741636602328,79146.48,7e-05,False
1741636602328,79146.48,7e-05,False
1741636602328,79146.84,7e-05,False
1741636602328,79146.84,7e-05,False
1741636602328,79147.15,0.00042,False
1741636602328,79147.15,7e-05,False
1741636602328,79147.21,7e-05,False
1741636602328,79147.35,7e-05,False
1741636602328,79147.64,7e-05,False
1741636602328,79149.25,0.00017,False
1741636602328,79149.25,0.00017,False
1741636602328,79149.25,0.00017,False
1741636602328,79149.26,0.00027,False
1741636602328,79149.99,7e-05,False
1741636602328,79149.99,7e-05,False
1741636602328,79149.99,7e-05,False
1741636602328,79149.99,7e-05,False
1741636602328,79150.0,0.00315,False
1741636602328,79150.58,7e-05,False
1741636602328,79150.58,7e-05,False
1741636602328,79150.58,7e-05,False
1741636602328,79150.59,0.00301,False
1741636602328,79151.3,7e-05,False
1741636602328,79151.3,7e-05,False
1741636602328,79151.3,7e-05,False
1741636602328,79151.3,7e-05,False
1741636602328,79151.31,0.00944,False
1741636602328,79151.44,8e-05,False
1741636602328,79151.6,0.0002,False
1741636602328,79151.99,7e-05,False
1741636602328,79151.99,7e-05,False
1741636602328,79151.99,7e-05,False
1741636602328,79151.99,7e-05,False
1741636602328,79152.2,0.003,False
1741636602328,79152.61,0.00011,False
1741636602328,79152.94,0.00504,False
1741636602328,79153.57,9e-05,False
1741636602328,79153.73,0.00013,False
1741636602328,79153.97,0.001,False
1741636602328,79154.01,0.00066,False
1741636602328,79154.02,0.00069,False
1741636602328,79154.38,8e-05,False
1741636602328,79154.77,7e-05,False
1741636602328,79154.77,7e-05,False
1741636602328,79154.77,7e-05,False
1741636602328,79155.13,8e-05,False
1741636602328,79155.27,0.00031,False
1741636602328,79155.68,0.00672,False
1741636602371,79155.67,0.0012,True
1741636602388,79155.67,0.00016,True
1741636602389,79155.67,0.00016,True
1741636602391,79155.67,0.00016,True
1741636602394,79155.67,0.00016,True
1741636602399,79155.67,0.00016,True
1741636602402,79155.67,0.00016,True
1741636602406,79155.68,0.00014,False
1741636602410,79155.67,0.00016,True
1741636602411,79155.67,0.00016,True
1741636602411,79155.67,0.00016,True
1741636602417,79155.67,0.00016,True
1741636602418,79155.67,0.00016,True
1741636602422,79155.67,0.00016,True
1741636602423,79155.67,0.00016,True
1741636602425,79155.67,0.00016,True
1741636602427,79155.67,0.00016,True
1741636602428,79155.67,0.00016,True
1741636602429,79155.67,0.00016,True
1741636602431,79155.67,0.00016,True
1741636602433,79155.67,0.00016,True
1741636602433,79155.67,0.00016,True
1741636602439,79155.67,0.00016,True
1741636602440,79155.67,0.00016,True
1741636602443,79155.67,0.00016,True
1741636602445,79155.67,0.00016,True
1741636602445,79155.67,0.00016,True
1741636602453,79155.67,0.00016,True
1741636602453,79155.67,0.00016,True
1741636602454,79155.67,0.00016,True
1741636602455,79155.68,7e-05,False
1741636602455,79155.68,7e-05,False
1741636602455,79155.68,7e-05,False
1741636602455,79155.68,0.00013,False
1741636602455,79155.68,7e-05,False
1741636602455,79155.68,7e-05,False
1741636602455,79155.68,7e-05,False
1741636602455,79155.68,7e-05,False
1741636602455,79155.68,7e-05,False
1741636602455,79155.68,0.00039,False
1741636602455,79155.68,0.00054,False
1741636602455,79155.68,7e-05,False
1741636602455,79155.69,0.00049,False
1741636602455,79155.69,0.00056,False
1741636602455,79155.69,7e-05,False
1741636602455,79155.69,7e-05,False
1741636602455,79155.69,0.00014,False
1741636602455,79155.7,0.00014,False
1741636602455,79155.7,7e-05,False
1741636602455,79155.7,7e-05,False
1741636602455,79155.8,7e-05,False
1741636602455,79155.8,7e-05,False
1741636602455,79155.81,0.00032,False
1741636602455,79155.81,0.00032,False
1741636602455,79155.81,0.00032,False
1741636602455,79155.81,0.00039,False
1741636602455,79155.81,7e-05,False
1741636602455,79155.81,7e-05,False
1741636602455,79155.82,7e-05,False
1741636602455,79155.86,7e-05,False
1741636602455,79155.99,7e-05,False
1741636602455,79156.0,0.0223,False
1741636602455,79156.7,7e-05,False
1741636602455,79156.7,7e-05,False
1741636602455,79156.7,7e-05,False
1741636602457,79156.7,0.00016,True
1741636602460,79156.7,0.00016,True
1741636602462,79156.7,0.00016,True
1741636602463,79156.7,0.00016,True
1741636602466,79156.7,0.00016,True
1741636602466,79156.7,0.00016,True
1741636602466,79156.7,0.00016,True
1741636602466,79156.7,0.00016,True
1741636602469,79156.7,0.00016,True
1741636602469,79156.7,0.00016,True
1741636602470,79156.7,0.00016,True
1741636602471,79156.7,0.00016,True
1741636602472,79156.7,0.00016,True
1741636602473,79156.7,0.00016,True
1741636602473,79156.7,0.00016,True
1741636602474,79156.7,0.00016,True
1741636602474,79156.7,0.00016,True
1741636602475,79156.7,0.00016,True
1741636602476,79156.7,0.00016,True
1741636602478,79156.7,0.00016,True
1741636602479,79156.7,0.00016,True
1741636602480,79156.7,0.00016,True
1741636602480,79156.7,0.00016,True
1741636602482,79156.7,0.00016,True
1741636602483,79156.7,0.00016,True
1741636602484,79156.7,0.00016,True
1741636602486,79156.7,0.00016,True
1741636602494,79156.7,0.00016,True
1741636602494,79156.7,0.00016,True
1741636602497,79156.7,0.00016,True
1741636602499,79156.7,0.00016,True
1741636602502,79156.7,0.00016,True
1741636602503,79156.7,0.00016,True
1741636602504,79156.7,0.00016,True
1741636602505,79156.7,0.00016,True
1741636602507,79156.7,0.00016,True
1741636602508,79156.7,0.00016,True
1741636602509,79156.7,0.00016,True
1741636602509,79156.7,0.00016,True
1741636602510,79156.7,0.00016,True
1741636602511,79156.7,0.00016,True
1741636602511,79156.7,0.00016,True
1741636602512,79156.7,0.00016,True
1741636602513,79156.7,0.00016,True
1741636602516,79156.7,0.00016,True
1741636602517,79156.7,0.00016,True
1741636602517,79156.7,0.00016,True
1741636602517,79156.7,0.00016,True
1741636602519,79156.7,0.00016,True
1741636602520,79156.7,0.00016,True
1741636602521,79156.7,0.00016,True
1741636602521,79156.7,0.00016,True
1741636602525,79156.7,0.00016,True
1741636602529,79156.7,0.00016,True
1741636602532,79156.7,0.00016,True
1741636602535,79156.7,0.00016,True
1741636602537,79156.7,0.00016,True
1741636602539,79156.7,0.00016,True
1741636602541,79156.7,0.00016,True
1741636602541,79156.7,0.00016,True
1741636602544,79156.7,0.00016,True
1741636602544,79156.7,0.00016,True
1741636602545,79156.7,0.00016,True
1741636602546,79156.7,0.00016,True
1741636602546,79156.7,0.00016,True
1741636602548,79156.7,0.00016,True
1741636602548,79156.7,0.00016,True
1741636602548,79156.7,0.00016,True
1741636602549,79156.7,0.00016,True
1741636602551,79156.7,0.00016,True
1741636602553,79156.7,0.00016,True
1741636602553,79156.7,0.00016,True
1741636602553,79156.7,0.00016,True
1741636602553,79156.7,0.00016,True
1741636602555,79156.7,0.00016,True
1741636602556,79156.7,0.00016,True
1741636602557,79156.7,0.0001,True
1741636602557,79156.7,6e-05,True
1741636602559,79156.7,4e-05,True
1741636602559,79156.7,7e-05,True
1741636602559,79156.7,5e-05,True
1741636602563,79156.7,2e-05,True
1741636602563,79156.7,0.0001,True
1741636602563,79156.7,4e-05,True
1741636602568,79156.7,6e-05,True
1741636602568,79156.7,7e-05,True
1741636602568,79156.7,3e-05,True
1741636602570,79156.7,0.00016,True
1741636602571,79156.7,0.00016,True
1741636602571,79156.7,0.00016,True
1741636602578,79156.7,0.00016,True
1741636602579,79156.7,0.00016,True
1741636602579,79156.7,0.00016,True
1741636602580,79156.7,0.00016,True
1741636602580,79156.7,0.00016,True
1741636602580,79156.7,0.00016,True
1741636602581,79156.7,0.00016,True
1741636602582,79156.7,0.00016,True
1741636602582,79156.7,0.00016,True
1741636602584,79156.7,0.00016,True
1741636602585,79156.7,0.00016,True
1741636602585,79156.7,0.00016,True
1741636602586,79156.7,0.00016,True
1741636602586,79156.7,0.00016,True
1741636602588,79156.7,0.00016,True
1741636602588,79156.7,0.00016,True
1741636602588,79156.7,0.00016,True
1741636602588,79156.7,0.00016,True
1741636602590,79156.7,0.00016,True
1741636602590,79156.7,0.00016,True
1741636602594,79156.7,0.00016,True
1741636602595,79156.7,0.00016,True
1741636602600,79156.7,0.00016,True
1741636602606,79156.7,0.00016,True
1741636602609,79156.7,0.00016,True
1741636602610,79156.7,0.00016,True
1741636602611,79156.7,0.00016,True
1741636602612,79156.7,0.00016,True
1741636602613,79156.7,0.00016,True
1741636602615,79156.7,0.00016,True
1741636602615,79156.7,0.00016,True
1741636602617,79156.7,0.00016,True
1741636602617,79156.7,0.00016,True
1741636602617,79156.7,0.00016,True
1741636602617,79156.7,0.00016,True
1741636602620,79156.7,0.00016,True
1741636602620,79156.7,0.00016,True
1741636602621,79156.7,0.00016,True
1741636602621,79156.7,0.00016,True
1741636602622,79156.7,0.00016,True
1741636602624,79156.7,0.00016,True
1741636602625,79156.7,0.00016,True
1741636602626,79156.7,0.00016,True
1741636602627,79156.7,0.00016,True
1741636602627,79156.7,0.00016,True
1741636602627,79156.7,0.00016,True
1741636602628,79156.7,0.00016,True
1741636602629,79156.7,0.00016,True
1741636602631,79156.7,0.00016,True
1741636602637,79156.7,0.00016,True
1741636602644,79156.7,0.00016,True
1741636602645,79156.7,0.00016,True
1741636602645,79156.7,0.00016,True
1741636602645,79156.7,0.00016,True
1741636602647,79156.7,0.00016,True
1741636602647,79156.7,0.00016,True
1741636602648,79156.7,0.00016,True
1741636602651,79156.7,0.00016,True
1741636602651,79156.7,0.00016,True
1741636602652,79156.7,0.00016,True
1741636602652,79156.7,0.00016,True
1741636602654,79156.7,0.00016,True
1741636602655,79156.7,0.00016,True
1741636602657,79156.7,0.00016,True
1741636602657,79156.7,0.00016,True
1741636602658,79156.7,0.00016,True
1741636602660,79156.7,0.00016,True
1741636602661,79156.7,0.00016,True
1741636602662,79156.7,0.00016,True
1741636602664,79156.7,0.00016,True
1741636602665,79156.7,0.00016,True
1741636602665,79156.7,0.00016,True
1741636602666,79156.7,0.00016,True
1741636602666,79156.7,0.00016,True
1741636602667,79156.7,0.00016,True
1741636602671,79156.7,0.00016,True
1741636602672,79156.7,0.00016,True
1741636602674,79156.7,0.00016,True
1741636602675,79156.7,0.00016,True
1741636602676,79156.7,0.00016,True
1741636602679,79156.7,0.00016,True
1741636602679,79156.7,0.00016,True
1741636602680,79156.7,0.00016,True
1741636602680,79156.7,0.00016,True
1741636602683,79156.7,0.00016,True
1741636602684,79156.7,0.00016,True
1741636602688,79156.7,0.00016,True
1741636602689,79156.7,0.00016,True
1741636602691,79156.7,0.00016,True
1741636602691,79156.7,0.00016,True
1741636602692,79156.7,0.00016,True
1741636602693,79156.7,0.00016,True
1741636602693,79156.7,0.00016,True
1741636602695,79156.7,0.00016,True
1741636602698,79156.7,0.00016,True
1741636602701,79156.7,0.00016,True
1741636602702,79156.7,0.00016,True
1741636602702,79156.7,0.00016,True
1741636602703,79156.7,0.00016,True
1741636602705,79156.7,0.00016,True
1741636602706,79156.7,0.00016,True
1741636602706,79156.7,0.00016,True
1741636602708,79156.7,0.00016,True
1741636602708,79156.7,0.00016,True
1741636602709,79156.7,0.00016,True
1741636602712,79156.7,7e-05,True
1741636602712,79156.7,7e-05,True
1741636602712,79156.7,2e-05,True
1741636602712,79156.7,8e-05,True
1741636602712,79156.7,8e-05,True
1741636602712,79156.7,2e-05,True
1741636602712,79156.7,0.00013,True
1741636602712,79156.7,1e-05,True
1741636602714,79156.7,0.00016,True
1741636602715,79156.7,0.00016,True
1741636602716,79156.7,0.00016,True
1741636602718,79156.7,0.00016,True
1741636602720,79156.7,0.00016,True
1741636602721,79156.7,0.00016,True
1741636602724,79156.7,4e-05,True
1741636602724,79156.7,0.0001,True
1741636602724,79156.7,2e-05,True
1741636602727,79156.7,0.00012,True
1741636602727,79156.7,4e-05,True
1741636602730,79156.7,3e-05,True
1741636602730,79156.7,0.00013,True
1741636602731,79156.7,0.00016,True
1741636602731,79156.7,0.00016,True
1741636602732,79156.7,0.00016,True
1741636602736,79156.7,0.00016,True
1741636602737,79156.7,0.00016,True
1741636602738,79156.7,0.00016,True
1741636602740,79156.7,0.00016,True
1741636602740,79156.7,0.00016,True
1741636602741,79156.7,0.00016,True
1741636602742,79156.7,0.00016,True
1741636602742,79156.7,0.00016,True
1741636602742,79156.7,0.00016,True
1741636602743,79156.7,0.00016,True
1741636602743,79156.7,0.00016,True
1741636602743,79156.7,0.00016,True
1741636602746,79156.7,0.00016,True
1741636602749,79156.7,0.00016,True
1741636602754,79156.7,0.00016,True
1741636602754,79156.7,0.00016,True
1741636602756,79156.7,0.00016,True
1741636602757,79156.7,0.00016,True
1741636602757,79156.7,0.00016,True
1741636602757,79156.7,0.00016,True
1741636602758,79156.7,0.00016,True
1741636602760,79156.7,0.00016,True
1741636602761,79156.7,0.00016,True
1741636602763,79156.7,0.00016,True
1741636602765,79156.7,0.00016,True
1741636602765,79156.7,0.00016,True
1741636602765,79156.7,0.00016,True
1741636602766,79156.7,0.00016,True
1741636602769,79156.7,0.00016,True
1741636602772,79156.7,0.00016,True
1741636602774,79156.7,0.00016,True
1741636602774,79156.7,0.00016,True
1741636602777,79156.7,0.00016,True
1741636602777,79156.7,0.00016,True
1741636602779,79156.7,0.00016,True
1741636602781,79156.7,0.00016,True
1741636602782,79156.7,0.00016,True
1741636602783,79156.7,0.00016,True
1741636602785,79156.7,0.00016,True
1741636602785,79156.7,0.00016,True
1741636602785,79156.7,0.00016,True
1741636602789,79156.7,0.00016,True
1741636602791,79156.7,0.00016,True
1741636602792,79156.7,0.00016,True
1741636602792,79156.7,0.00016,True
1741636602792,79156.7,0.00016,True
1741636602793,79156.7,0.00016,True
1741636602796,79156.7,0.00016,True
1741636602798,79156.7,0.00016,True
1741636602800,79156.7,0.00016,True
1741636602801,79156.7,0.00016,True
1741636602801,79156.7,0.00016,True
1741636602801,79156.7,0.00016,True
1741636602803,79156.7,0.00016,True
1741636602810,79156.7,0.00016,True
1741636602810,79156.7,0.00016,True
1741636602812,79156.7,0.00016,True
1741636602816,79156.7,0.00016,True
1741636602816,79156.7,0.00016,True
1741636602817,79156.7,0.00016,True
1741636602817,79156.7,0.00016,True
1741636602818,79156.7,0.00016,True
1741636602818,79156.7,0.00016,True
1741636602820,79156.7,0.00016,True
1741636602821,79156.7,0.00016,True
1741636602821,79156.7,0.00016,True
1741636602825,79156.7,0.00016,True
1741636602825,79156.7,0.00016,True
1741636602827,79156.7,0.00016,True
1741636602827,79156.7,0.00016,True
1741636602828,79156.7,0.00016,True
1741636602830,79156.7,0.00016,True
1741636602831,79156.7,0.00016,True
1741636602831,79156.7,0.00016,True
1741636602835,79156.7,0.00016,True
1741636602836,79156.7,0.00016,True
1741636602838,79156.7,0.00016,True
1741636602844,79156.7,0.00016,True
1741636602845,79156.7,0.00016,True
1741636602845,79156.7,0.00016,True
1741636602847,79156.7,0.00016,True
1741636602847,79156.7,0.00016,True
1741636602847,79156.7,0.00016,True
1741636602849,79156.7,0.00016,True
1741636602851,79156.7,0.00016,True
1741636602852,79156.7,0.00016,True
1741636602853,79156.7,0.00016,True
1741636602853,79156.7,0.00016,True
1741636602854,79156.7,0.00016,True
1741636602855,79156.7,0.00016,True
1741636602857,79156.7,0.00016,True
1741636602857,79156.7,0.00016,True
1741636602859,79156.7,0.00016,True
1741636602859,79156.7,0.00016,True
1741636602859,79156.7,0.00016,True
1741636602866,79156.7,0.00016,True
1741636602867,79156.7,0.00016,True
1741636602868,79156.7,0.00016,True
1741636602868,79156.7,0.00016,True
1741636602870,79156.7,0.00016,True
1741636602873,79156.7,0.00016,True
1741636602873,79156.7,0.00016,True
1741636602878,79156.7,0.00016,True
1741636602879,79156.7,0.00016,True
1741636602880,79156.7,0.00016,True
1741636602883,79156.7,0.00016,True
1741636602886,79156.7,0.00016,True
1741636602989,79156.71,0.0002,False
1741636603193,79156.7,0.00854,True
1741636603997,79156.7,0.00068,True
1741636603997,79156.7,7e-05,True
1741636603997,79156.7,0.00014,True
1741636603997,79156.7,0.001,True
1741636603997,79156.7,0.00014,True
1741636603997,79156.7,0.0001,True
1741636603997,79156.7,0.0482,True
1741636603997,79156.7,0.0001,True
1741636603997,79156.7,0.0001,True
1741636603997,79156.7,0.0001,True
1741636603997,79156.7,0.0001,True
1741636603997,79156.69,0.00013,True
1741636603997,79156.69,0.00013,True
1741636603997,79156.69,7e-05,True
1741636603997,79156.68,7e-05,True
1741636603997,79156.67,7e-05,True
1741636603997,79156.6,7e-05,True
1741636603997,79156.59,7e-05,True
1741636603997,79156.44,7e-05,True
1741636603997,79156.43,7e-05,True
1741636603997,79156.26,8e-05,True
1741636603997,79156.01,7e-05,True
1741636603997,79156.01,7e-05,True
1741636603997,79156.01,9e-05,True
1741636603997,79156.01,7e-05,True
1741636604163,79154.64,0.00087,False
1741636604220,79154.63,7e-05,True
1741636604220,79154.63,0.00013,True
1741636604237,79154.64,0.0099,False
1741636604416,79154.64,7e-05,False
1741636604416,79154.64,7e-05,False
1741636604416,79154.64,7e-05,False
1741636604416,79154.64,7e-05,False
1741636604416,79154.64,7e-05,False
1741636604416,79154.64,7e-05,False
1741636604416,79154.64,0.0001,False
1741636604416,79154.64,0.0001,False
1741636604416,79154.64,0.0001,False
1741636604416,79154.64,0.0001,False
1741636604416,79154.64,7e-05,False
1741636604416,79154.64,0.0001,False
1741636604416,79154.64,0.00013,False
1741636604416,79154.64,0.0001,False
1741636604416,79154.64,0.0001,False
1741636604416,79154.64,0.0001,False
1741636604416,79154.65,0.00014,False
1741636604416,79154.65,0.00013,False
1741636604416,79154.65,0.00013,False
1741636604416,79154.65,7e-05,False
1741636604416,79154.65,7e-05,False
1741636604416,79154.76,7e-05,False
1741636604416,79154.76,7e-05,False
1741636604416,79154.76,7e-05,False
1741636604416,79155.0,7e-05,False
1741636604416,79155.0,7e-05,False
1741636604416,79155.01,7e-05,False
1741636604416,79155.01,7e-05,False
1741636604416,79155.05,7e-05,False
1741636604416,79155.06,7e-05,False
1741636604416,79155.5,7e-05,False
1741636604416,79155.55,7e-05,False
1741636604416,79156.34,7e-05,False
1741636604416,79156.71,0.00123,False
1741636604416,79157.99,7e-05,False
1741636604416,79157.99,7e-05,False
1741636604416,79157.99,7e-05,False
1741636604416,79158.0,0.0223,False
1741636604416,79159.55,0.00019,False
1741636604416,79159.55,0.00019,False
1741636604416,79159.55,0.00019,False
1741636604416,79159.56,0.001,False
1741636604416,79159.98,7e-05,False
1741636604416,79159.99,7e-05,False
1741636604416,79159.99,7e-05,False
1741636604416,79159.99,7e-05,False
1741636604416,79159.99,7e-05,False
1741636604432,79160.0,0.00037,False
1741636604490,79160.0,0.0345,False
1741636604543,79160.0,0.01468,False
1741636604544,79160.0,0.05151,False
1741636604544,79160.0,0.0001,False
1741636604544,79160.0,7e-05,False
1741636604544,79160.0,7e-05,False
1741636604544,79160.0,7e-05,False
1741636604544,79160.0,0.00032,False
1741636604544,79160.0,7e-05,False
1741636604544,79160.0,7e-05,False
1741636604544,79160.0,7e-05,False
1741636604544,79160.0,0.0001,False
1741636604544,79160.0,7e-05,False
1741636604544,79160.0,0.0001,False
1741636604544,79160.0,0.0001,False
1741636604544,79160.0,7e-05,False
1741636604544,79160.01,0.00021,False
1741636604544,79160.01,0.00013,False
1741636604544,79160.01,7e-05,False
1741636604544,79160.01,7e-05,False
1741636604544,79160.21,7e-05,False
1741636604544,79160.21,7e-05,False
1741636604544,79160.22,7e-05,False
1741636604544,79160.22,7e-05,False
1741636604544,79160.47,7e-05,False
1741636604544,79160.47,3e-05,False
1741636604544,79160.47,4e-05,False
1741636604544,79160.47,7e-05,False
1741636604544,79160.47,7e-05,False
1741636604544,79160.47,7e-05,False
1741636604544,79160.48,0.01235,False
1741636604544,79160.48,7e-05,False
1741636604544,79160.49,0.00013,False
1741636604544,79160.49,7e-05,False
1741636604544,79160.51,0.00101,False
1741636604544,79160.51,7e-05,False
1741636604544,79161.62,0.0001,False
1741636604544,79161.63,0.00019,False
1741636604544,79161.99,7e-05,False
1741636604547,79162.47,8e-05,False
1741636604547,79162.55,0.00015,False
1741636604547,79162.55,0.00015,False
1741636604548,79162.55,7e-05,False
1741636604548,79163.57,0.00022,False
1741636604548,79163.57,7e-05,False
1741636604548,79163.59,0.00014,False
1741636604548,79163.59,7e-05,False
1741636604569,79165.18,0.001,False
1741636604569,79165.18,0.0001,False
1741636604569,79165.18,0.0001,False
1741636604569,79165.18,0.0001,False
1741636604569,79165.18,7e-05,False
1741636604569,79165.18,7e-05,False
1741636604569,79165.18,7e-05,False
1741636604569,79165.18,7e-05,False
1741636604569,79165.18,7e-05,False
1741636604569,79165.18,0.00027,False
1741636604569,79165.18,7e-05,False
1741636604569,79165.9,7e-05,False
1741636604569,79165.9,7e-05,False
1741636604569,79165.9,0.00017,False
1741636604569,79165.9,0.00022,False
1741636604569,79165.91,7e-05,False
1741636604569,79165.91,7e-05,False
1741636604569,79166.8,7e-05,False
1741636604569,79166.8,7e-05,False
1741636604569,79166.8,7e-05,False
1741636604569,79166.8,7e-05,False
1741636604569,79166.8,0.00032,False
1741636604569,79166.8,7e-05,False
1741636604569,79166.81,0.00102,False
1741636604569,79166.81,0.00021,False
1741636604569,79166.81,7e-05,False
1741636604569,79166.81,7e-05,False
1741636604569,79167.42,0.00013,False
1741636604569,79167.42,7e-05,False
1741636604599,79167.82,0.0001,False
1741636604599,79167.82,0.0001,False
1741636604599,79167.82,7e-05,False
1741636604599,79167.82,7e-05,False
1741636604599,79167.82,7e-05,False
1741636604599,79167.82,7e-05,False
1741636604599,79167.82,0.0001,False
1741636604599,79167.82,9e-05,False
1741636604599,79167.82,0.00039,False
1741636604599,79167.82,9e-05,False
1741636604599,79167.82,7e-05,False
1741636604599,79167.82,7e-05,False
1741636604599,79167.82,0.00023,False
1741636604599,79167.83,0.00013,False
1741636604599,79167.83,7e-05,False
1741636604602,79167.83,7e-05,False
1741636604602,79167.83,0.0001,False
1741636604602,79167.83,0.0001,False
1741636604602,79167.83,0.0001,False
1741636604602,79167.83,7e-05,False
1741636604602,79167.83,7e-05,False
1741636604602,79168.32,7e-05,False
1741636604602,79168.32,7e-05,False
1741636604602,79169.58,0.00017,False
1741636604602,79169.58,7e-05,False
1741636604602,79169.58,7e-05,False
1741636604602,79169.59,7e-05,False
1741636604602,79169.59,7e-05,False
1741636604602,79169.79,0.00013,False
1741636604602,79169.79,7e-05,False
1741636604602,79169.79,7e-05,False
1741636604602,79169.81,7e-05,False
1741636604602,79169.81,7e-05,False
1741636604602,79169.81,7e-05,False
1741636604602,79169.81,7e-05,False
1741636604602,79169.82,0.01135,False
1741636604709,79169.82,0.00393,False
1741636604711,79169.82,0.01426,False
1741636604715,79169.82,0.00122,False
1741636604717,79169.82,0.00352,False
1741636604815,79169.82,0.00931,False
1741636604816,79169.82,0.00507,False
1741636604816,79169.82,7e-05,False
1741636604816,79169.82,7e-05,False
1741636604816,79169.82,7e-05,False
1741636604816,79169.82,7e-05,False
1741636604816,79169.82,7e-05,False
1741636604816,79169.82,7e-05,False
1741636604816,79169.82,0.0001,False
1741636604816,79169.82,0.00122,False
1741636604816,79169.82,0.00013,False
1741636604816,79169.82,0.0001,False
1741636604816,79169.82,0.0001,False
1741636604816,79169.82,0.0001,False
1741636604816,79169.83,0.00014,False
1741636604816,79169.83,7e-05,False
1741636604816,79169.83,7e-05,False
1741636604816,79169.83,0.00013,False
1741636604816,79169.83,0.00014,False
1741636604816,79169.84,0.00011,False
1741636604816,79169.84,7e-05,False
1741636604816,79169.84,7e-05,False
1741636604816,79170.5,0.00014,False
1741636604816,79170.5,0.00014,False
1741636604816,79170.5,7e-05,False
1741636604816,79170.5,7e-05,False
1741636604816,79170.59,7e-05,False
1741636604816,79170.59,7e-05,False
1741636604816,79170.59,7e-05,False
1741636604816,79170.6,7e-05,False
1741636604816,79171.24,0.00023,False
1741636604816,79171.24,7e-05,False
1741636604816,79171.24,7e-05,False
1741636604816,79171.24,7e-05,False
1741636604816,79171.24,7e-05,False
1741636604816,79171.25,0.00146,False
1741636604816,79171.25,7e-05,False
1741636604816,79171.38,7e-05,False
1741636604816,79172.32,7e-05,False
1741636604816,79172.32,7e-05,False
1741636604816,79172.32,7e-05,False
1741636604912,79172.33,0.0001,False
1741636604912,79172.33,0.0001,False
1741636604912,79172.33,0.0001,False
1741636604912,79172.33,7e-05,False
1741636604912,79172.33,7e-05,False
1741636604912,79172.33,7e-05,False
1741636604912,79172.33,7e-05,False
1741636604912,79172.33,7e-05,False
1741636604912,79172.33,7e-05,False
1741636604912,79172.34,0.00012,False
1741636604912,79172.34,7e-05,False
1741636604912,79172.34,7e-05,False
1741636604912,79172.34,0.00014,False
1741636604912,79172.37,0.00024,False
1741636604912,79172.37,9e-05,False
1741636604912,79172.37,9e-05,False
1741636604912,79172.37,7e-05,False
1741636604912,79172.37,7e-05,False
1741636604912,79172.38,9e-05,False
1741636604912,79172.38,7e-05,False
1741636604912,79172.38,7e-05,False
1741636604912,79172.38,7e-05,False
1741636604912,79172.38,7e-05,False
1741636604912,79172.38,7e-05,False
1741636604912,79172.39,0.00184,False
1741636604916,79172.38,0.01067,True
1741636604916,79172.38,0.0006,True
1741636604916,79172.38,0.0006,True
1741636604916,79172.38,0.02813,True
1741636605022,79172.39,7e-05,False
1741636605022,79172.39,0.0001,False
1741636605022,79172.39,7e-05,False
1741636605022,79172.39,7e-05,False
1741636605022,79172.39,0.00013,False
1741636605022,79172.39,7e-05,False
1741636605022,79172.39,0.01149,False
1741636605082,79172.39,0.00056,False
1741636605214,79172.39,7e-05,False
1741636605214,79172.39,7e-05,False
1741636605214,79172.39,0.0001,False
1741636605214,79172.39,7e-05,False
1741636605214,79172.39,7e-05,False
1741636605214,79172.39,7e-05,False
1741636605214,79172.39,7e-05,False
1741636605214,79172.39,0.0001,False
1741636605214,79172.39,0.0001,False
1741636605214,79172.39,0.0001,False
1741636605214,79172.39,0.00013,False
1741636605214,79172.39,0.0001,False
1741636605214,79172.4,7e-05,False
1741636605214,79172.4,7e-05,False
1741636605214,79172.4,0.00014,False
1741636605214,79172.4,0.00014,False
1741636605214,79172.55,7e-05,False
1741636605214,79172.55,7e-05,False
1741636605214,79172.79,7e-05,False
1741636605214,79172.79,7e-05,False
1741636605214,79172.8,7e-05,False
1741636605214,79172.8,7e-05,False
1741636605214,79172.81,0.00129,False
1741636605214,79172.81,7e-05,False
1741636605214,79172.86,7e-05,False
1741636605214,79172.97,7e-05,False
1741636605214,79172.97,7e-05,False
1741636605214,79173.08,0.00018,False
1741636605226,79173.56,7e-05,False
1741636605228,79173.56,7e-05,False
1741636605228,79173.56,7e-05,False
1741636605228,79173.56,7e-05,False
1741636605228,79173.56,0.0001,False
1741636605228,79173.56,7e-05,False
1741636605228,79173.56,7e-05,False
1741636605228,79173.56,5e-05,False
1741636605247,79173.56,2e-05,False
1741636605247,79173.56,0.0001,False
1741636605247,79173.56,7e-05,False
1741636605247,79173.56,7e-05,False
1741636605247,79173.56,7e-05,False
1741636605247,79173.56,7e-05,False
1741636605247,79173.56,7e-05,False
1741636605247,79173.56,0.0001,False
1741636605247,79173.56,7e-05,False
1741636605247,79173.75,7e-05,False
1741636605247,79173.75,0.00012,False
1741636605247,79173.75,7e-05,False
1741636605247,79173.75,7e-05,False
1741636605247,79173.75,7e-05,False
1741636605247,79173.75,7e-05,False
1741636605247,79173.76,7e-05,False
1741636605247,79173.76,3e-05,False
1741636605532,79173.76,4e-05,False
1741636605532,79173.76,7e-05,False
1741636605532,79173.76,7e-05,False
1741636605532,79173.76,7e-05,False
1741636605532,79173.76,7e-05,False
1741636605532,79173.76,7e-05,False
1741636605532,79173.76,7e-05,False
1741636605532,79173.76,7e-05,False
1741636605532,79173.76,7e-05,False
1741636605532,79173.76,7e-05,False
1741636605532,79173.76,0.00013,False
1741636605532,79173.76,7e-05,False
1741636605532,79173.76,7e-05,False
1741636605532,79173.76,0.0001,False
1741636605532,79173.76,7e-05,False
1741636605532,79173.76,7e-05,False
1741636605532,79173.77,0.00013,False
1741636605532,79173.77,7e-05,False
1741636605532,79173.77,7e-05,False
1741636605532,79173.77,0.00014,False
1741636605532,79173.78,0.00014,False
1741636605532,79173.78,7e-05,False
1741636605532,79173.78,7e-05,False
1741636605532,79173.9,7e-05,False
1741636605532,79173.9,7e-05,False
1741636605532,79173.9,7e-05,False
1741636605532,79173.9,7e-05,False
1741636605532,79173.9,9e-05,False
1741636605532,79173.9,7e-05,False
1741636605594,79173.91,7e-05,False
1741636605594,79173.91,0.0001,False
1741636605594,79173.91,7e-05,False
1741636605594,79173.91,7e-05,False
1741636605594,79173.91,7e-05,False
1741636605594,79173.91,0.00013,False
1741636605594,79173.91,7e-05,False
1741636605594,79173.91,7e-05,False
1741636605594,79173.93,0.00013,False
1741636605594,79173.93,7e-05,False
1741636605594,79173.93,7e-05,False
1741636605594,79173.99,7e-05,False
1741636605594,79173.99,7e-05,False
1741636605594,79174.0,7e-05,False
1741636605594,79174.0,7e-05,False
1741636605595,79174.5,7e-05,False
1741636605595,79174.5,7e-05,False
1741636605595,79174.55,7e-05,False
1741636605595,79175.99,7e-05,False
1741636605595,79175.99,7e-05,False
1741636605595,79175.99,7e-05,False
1741636605595,79175.99,7e-05,False
1741636605595,79175.99,7e-05,False
1741636605595,79176.0,7e-05,False
1741636605595,79176.39,7e-05,False
1741636605595,79176.39,7e-05,False
1741636605595,79176.6,0.003,False
1741636605595,79177.62,0.00019,False
1741636605595,79177.62,0.00019,False
1741636605595,79177.62,0.00019,False
1741636605595,79177.63,0.00029,False
1741636605595,79177.72,7e-05,False
1741636605595,79177.99,0.00031,False
1741636605595,79177.99,7e-05,False
1741636605595,79177.99,7e-05,False
1741636605595,79177.99,7e-05,False
1741636605595,79177.99,7e-05,False
1741636605595,79178.82,0.00015,False
1741636605595,79179.17,0.00013,False
1741636605595,79179.98,7e-05,False
1741636605595,79179.98,7e-05,False
1741636605595,79179.98,7e-05,False
1741636605595,79179.99,0.0002,False
1741636605595,79180.0,0.02562,False
1741636605654,79179.99,0.00016,True
1741636605660,79179.99,0.00016,True
1741636605667,79179.99,0.00016,True
1741636605672,79179.99,0.00016,True
1741636605673,79179.99,0.00016,True
1741636605673,79179.99,0.00016,True
1741636605676,79179.99,0.00016,True
1741636605678,79179.99,0.00016,True
1741636605683,79179.99,0.00016,True
1741636605684,79179.99,0.00016,True
1741636605684,79179.99,0.00016,True
1741636605685,79179.99,0.00016,True
1741636605685,79179.99,0.00016,True
1741636605691,79179.99,0.00016,True
1741636605699,79179.99,0.00016,True
1741636605700,79179.99,0.00016,True
1741636605702,79179.99,0.00016,True
1741636605703,79179.99,0.00016,True
1741636605704,79179.99,0.00016,True
1741636605704,79179.99,0.00016,True
1741636605705,79179.99,0.00016,True
1741636605708,79179.99,0.00016,True
1741636605709,79179.99,0.00016,True
1741636605710,79179.99,0.00016,True
1741636605713,79179.99,0.00016,True
1741636605714,79179.99,0.00016,True
1741636605715,79179.99,0.00016,True
1741636605719,79179.99,0.00016,True
1741636605720,79179.99,0.00016,True
1741636605722,79179.99,0.00016,True
1741636605722,79179.99,0.00016,True
1741636605725,79179.99,0.00016,True
1741636605728,79179.99,0.00016,True
1741636605728,79179.99,0.00016,True
1741636605729,79179.99,0.00016,True
1741636605733,79180.0,0.01876,False
1741636605734,79180.0,0.01597,False
1741636605734,79179.99,0.00016,True
1741636605734,79179.99,0.00016,True
1741636605735,79180.0,0.006,False
1741636605737,79179.99,0.00016,True
1741636605737,79179.99,0.00016,True
1741636605737,79179.99,0.00016,True
1741636605738,79179.99,0.00016,True
1741636605739,79179.99,0.00016,True
1741636605740,79179.99,0.00016,True
1741636605740,79179.99,0.00016,True
1741636605742,79179.99,0.00016,True
1741636605742,79179.99,0.00016,True
1741636605746,79179.99,0.00016,True
1741636605747,79179.99,0.00016,True
1741636605748,79179.99,0.00016,True
1741636605749,79180.0,0.00451,False
1741636605752,79179.99,0.00016,True
1741636605753,79179.99,0.00016,True
1741636605754,79180.0,0.01122,False
1741636605754,79180.0,0.01896,False
1741636605754,79180.0,0.0162,False
1741636605754,79180.0,7e-05,False
1741636605754,79180.0,7e-05,False
1741636605754,79180.0,7e-05,False
1741636605754,79180.0,0.00212,False
1741636605754,79180.0,0.00078,False
1741636605754,79180.0,7e-05,False
1741636605754,79180.0,7e-05,False
1741636605754,79180.01,0.00031,False
1741636605754,79180.01,7e-05,False
1741636605754,79180.01,0.00013,False
1741636605754,79180.01,0.00014,False
1741636605754,79180.08,7e-05,False
1741636605754,79180.09,7e-05,False
1741636605754,79180.2,7e-05,False
1741636605754,79181.67,0.00021,False
1741636605754,79181.67,0.00021,False
1741636605754,79181.67,0.00021,False
1741636605756,79181.71,0.00016,True
1741636605758,79181.82,0.00016,True
1741636605759,79181.82,0.00016,True
1741636605760,79181.82,0.00016,True
1741636605761,79181.82,0.00016,True
1741636605763,79181.82,0.00016,True
1741636605767,79181.82,0.00016,True
1741636605768,79181.82,0.00016,True
1741636605769,79181.82,8e-05,True
1741636605769,79181.82,8e-05,True
1741636605769,79181.82,0.00016,True
1741636605771,79181.82,0.00016,True
1741636605772,79181.82,0.00016,True
1741636605772,79181.82,0.00016,True
1741636605774,79181.82,0.00016,True
1741636605775,79181.82,0.00016,True
1741636605778,79181.82,0.00016,True
1741636605781,79181.82,0.00016,True
1741636605783,79181.82,0.00016,True
1741636605783,79181.82,0.00016,True
1741636605788,79181.82,0.00016,True
1741636605789,79181.82,0.00016,True
1741636605789,79181.82,0.00016,True
1741636605790,79181.82,0.00016,True
1741636605792,79181.82,0.00016,True
1741636605793,79181.82,0.00016,True
1741636605793,79181.82,0.00016,True
1741636605795,79181.82,0.00016,True
1741636605795,79181.82,0.00016,True
1741636605798,79181.82,0.00016,True
1741636605799,79181.82,0.00016,True
1741636605802,79181.83,0.001,False
1741636605802,79181.83,7e-05,False
1741636605802,79181.83,7e-05,False
1741636605802,79181.83,7e-05,False
1741636605802,79181.83,0.00014,False
1741636605802,79181.83,7e-05,False
1741636605802,79181.83,7e-05,False
1741636605802,79181.84,0.0001,False
1741636605802,79181.84,7e-05,False
1741636605802,79181.85,0.00013,False
1741636605802,79181.85,7e-05,False
1741636605802,79181.98,0.00014,False
1741636605802,79181.98,7e-05,False
1741636605803,79182.31,0.00016,True
1741636605803,79182.31,0.00016,True
1741636605805,79182.31,0.00016,True
1741636605807,79182.31,0.00016,True
1741636605808,79182.31,0.00016,True
1741636605809,79182.31,0.00016,True
1741636605811,79182.31,0.00016,True
1741636605811,79182.31,0.00016,True
1741636605813,79182.31,0.00016,True
1741636605815,79182.31,0.00016,True
1741636605816,79182.31,0.00016,True
1741636605818,79182.31,0.00016,True
1741636605819,79182.31,0.00016,True
1741636605822,79182.31,0.00016,True
1741636605822,79182.31,0.00016,True
1741636605822,79182.31,0.00016,True
1741636605826,79182.31,0.00016,True
1741636605827,79182.31,0.00016,True
1741636605833,79182.31,0.00016,True
1741636605833,79182.31,0.00016,True
1741636605834,79182.31,0.00016,True
1741636605835,79182.31,0.00016,True
1741636605836,79182.32,7e-05,False
1741636605836,79182.32,7e-05,False
1741636605836,79182.32,7e-05,False
1741636605836,79182.32,7e-05,False
1741636605836,79182.32,7e-05,False
1741636605836,79182.33,0.00013,False
1741636605836,79182.33,1e-05,False
1741636605839,79182.32,0.00016,True
1741636605839,79182.32,0.00016,True
1741636605840,79182.32,0.00016,True
1741636605840,79182.32,0.00016,True
1741636605841,79182.32,0.00016,True
1741636605843,79182.32,0.00016,True
1741636605844,79182.32,0.00016,True
1741636605845,79182.32,0.00016,True
1741636605845,79182.32,0.00016,True
1741636605849,79182.32,0.00016,True
1741636605849,79182.33,6e-05,False
1741636605849,79182.33,3e-05,False
1741636605852,79182.32,0.00016,True
1741636605853,79182.32,0.00016,True
1741636605853,79182.32,0.00016,True
1741636605854,79182.32,0.00016,True
1741636605854,79182.32,0.00016,True
1741636605856,79182.32,0.00016,True
1741636605856,79182.32,0.00016,True
1741636605859,79182.32,0.00016,True
1741636605865,79182.32,0.00016,True
1741636605865,79182.32,0.00016,True
1741636605866,79182.32,0.00016,True
1741636605867,79182.32,0.00016,True
1741636605867,79182.32,0.00016,True
1741636605869,79182.32,0.00016,True
1741636605869,79182.32,0.00016,True
1741636605869,79182.32,0.00016,True
1741636605869,79182.32,0.00016,True
1741636605870,79182.32,0.00016,True
1741636605875,79182.32,0.00016,True
1741636605875,79182.32,0.00016,True
1741636605876,79182.32,0.00016,True
1741636605877,79182.32,0.00016,True
1741636605883,79182.32,0.00016,True
1741636605884,79182.32,0.00016,True
1741636605885,79182.32,0.00016,True
1741636605886,79182.32,0.00016,True
1741636605886,79182.32,0.00016,True
1741636605887,79182.32,0.00016,True
1741636605887,79182.32,0.00016,True
1741636605889,79182.32,0.00016,True
1741636605892,79182.32,0.00016,True
1741636605894,79182.32,0.00016,True
1741636605897,79182.32,0.00016,True
1741636605897,79182.32,0.00016,True
1741636605899,79182.32,0.00016,True
1741636605899,79182.32,0.00016,True
1741636605900,79182.32,0.00016,True
1741636605903,79182.32,0.00016,True
1741636605903,79182.32,0.00016,True
1741636605903,79182.32,0.00016,True
1741636605907,79182.32,0.00016,True
1741636605909,79182.33,4e-05,False
1741636605909,79182.33,7e-05,False
1741636605909,79182.33,7e-05,False
1741636605909,79182.33,7e-05,False
1741636605909,79182.33,7e-05,False
1741636605909,79182.33,7e-05,False
1741636605909,79182.4,7e-05,False
1741636605909,79182.4,7e-05,False
1741636605909,79182.4,7e-05,False
1741636605909,79182.92,0.00012,False
1741636605909,79182.92,0.0001,False
1741636605909,79182.92,7e-05,False
1741636605909,79182.92,7e-05,False
1741636605909,79183.17,7e-05,False
1741636605909,79183.17,7e-05,False
1741636605909,79183.17,7e-05,False
1741636605909,79183.17,7e-05,False
1741636605909,79183.17,7e-05,False
1741636605909,79183.17,7e-05,False
1741636605909,79183.17,7e-05,False
1741636605909,79183.17,7e-05,False
1741636605909,79183.18,8e-05,False
1741636605909,79183.18,0.0013,False
1741636605909,79183.18,0.0014,False
1741636605909,79183.18,7e-05,False
1741636605909,79183.18,7e-05,False
1741636605909,79183.94,0.00012,False
1741636605909,79183.94,7e-05,False
1741636605909,79183.99,7e-05,False
1741636605909,79183.99,7e-05,False
1741636605909,79183.99,7e-05,False
1741636605909,79183.99,7e-05,False
1741636605909,79184.0,0.0001,False
1741636605909,79184.0,0.002,False
1741636605909,79184.0,0.0001,False
1741636605909,79184.0,0.00015,False
1741636605909,79184.0,7e-05,False
1741636605909,79185.31,0.00019,False
1741636605909,79185.75,0.00109,False
1741636605909,79185.76,8e-05,False
1741636605909,79185.99,7e-05,False
1741636605909,79186.09,7e-05,False
1741636605909,79186.09,7e-05,False
1741636605909,79186.09,7e-05,False
1741636605909,79186.1,0.003,False
1741636605909,79186.11,7e-05,False
1741636605909,79186.11,7e-05,False
1741636605909,79186.11,7e-05,False
1741636605909,79186.12,0.12336,False
1741636605909,79186.21,0.00016,True
1741636605911,79186.21,0.00016,True
1741636605912,79186.39,0.00016,True
1741636605913,79186.39,0.00016,True
1741636605913,79186.39,0.00016,True
1741636605913,79186.4,7e-05,False
1741636605918,79186.39,0.00016,True
1741636605918,79186.39,0.00016,True
1741636605918,79186.39,0.00016,True
1741636605919,79186.39,0.00016,True
1741636605920,79186.39,0.00016,True
1741636605922,79186.39,0.00016,True
1741636605923,79186.39,0.00016,True
1741636605923,79186.39,0.00016,True
1741636605926,79186.4,2e-05,False
1741636605926,79186.4,7e-05,False
1741636605926,79186.4,7e-05,False
1741636605926,79186.4,7e-05,False
1741636605926,79186.4,7e-05,False
1741636605926,79186.4,7e-05,False
1741636605930,79186.4,0.00016,True
1741636605930,79186.4,0.00016,True
1741636605931,79186.4,0.00016,True
1741636605935,79186.4,0.00016,True
1741636605935,79186.4,0.00128,True
1741636605935,79186.4,0.00016,True
1741636605936,79186.4,0.00016,True
1741636605936,79186.4,0.00016,True
1741636605937,79186.4,0.00016,True
1741636605940,79186.4,0.00016,True
1741636605940,79186.4,0.00016,True
1741636605941,79186.4,0.00016,True
1741636605941,79186.4,0.00016,True
1741636605944,79186.4,0.00016,True
1741636605945,79186.4,0.00016,True
1741636605949,79186.4,0.00016,True
1741636605950,79186.4,0.00016,True
1741636605951,79186.4,0.00016,True
1741636605953,79186.4,0.00016,True
1741636605955,79186.4,0.00016,True
1741636605955,79186.4,0.00016,True
1741636605956,79186.4,0.00016,True
1741636605960,79186.4,0.00016,True
1741636605960,79186.4,0.00016,True
1741636605964,79186.4,0.00016,True
1741636605966,79186.4,0.00016,True
1741636605966,79186.4,0.00016,True
1741636605968,79186.4,0.00016,True
1741636605969,79186.4,0.00016,True
1741636605969,79186.4,0.00016,True
1741636605971,79186.4,0.00016,True
1741636605972,79186.4,0.00016,True
1741636605972,79186.4,0.00016,True
1741636605973,79186.4,0.00016,True
1741636605975,79186.4,0.00016,True
1741636605975,79186.4,0.00218,True
1741636605976,79186.41,0.00014,False
1741636605976,79186.41,7e-05,False
1741636605976,79186.41,7e-05,False
1741636605976,79186.41,7e-05,False
1741636605976,79186.41,7e-05,False
1741636605976,79186.41,7e-05,False
1741636605976,79186.42,0.00022,False
1741636605976,79186.42,7e-05,False
1741636605976,79187.05,0.00019,False
1741636605976,79187.05,7e-05,False
1741636605976,79187.09,0.0002,False
1741636605976,79187.09,0.0002,False
1741636605976,79187.09,7e-05,False
1741636605976,79187.1,0.0002,False
1741636605976,79187.1,0.0003,False
1741636605976,79187.1,0.00032,False
1741636605976,79187.1,0.00026,False
1741636605976,79187.1,7e-05,False
1741636605976,79187.11,0.00014,False
1741636605976,79187.11,7e-05,False
1741636605976,79187.35,0.00013,False
1741636605976,79187.35,7e-05,False
1741636605976,79187.46,7e-05,False
1741636605976,79187.5,0.00073,False
1741636605978,79187.86,0.00016,True
1741636605981,79187.98,0.00016,True
1741636605982,79187.98,0.00016,True
1741636605982,79187.98,0.00016,True
1741636605984,79187.98,0.00016,True
1741636605985,79187.98,0.00016,True
1741636605986,79187.98,0.00016,True
1741636605989,79187.98,0.00016,True
1741636605989,79187.98,0.00016,True
1741636605995,79187.99,7e-05,False
1741636605995,79187.99,7e-05,False
1741636605995,79187.99,7e-05,False
1741636605995,79187.99,7e-05,False
1741636605995,79187.99,7e-05,False
1741636605995,79187.99,7e-05,False
1741636605995,79187.99,7e-05,False
1741636605995,79187.99,8e-05,False
1741636605995,79187.99,7e-05,False
1741636605995,79188.0,0.0001,False
1741636605995,79188.0,0.002,False
1741636605995,79188.0,0.0001,False
1741636605995,79188.0,0.00015,False
1741636605995,79188.0,7e-05,False
1741636605995,79188.0,0.00014,False
1741636605995,79188.39,7e-05,False
1741636605995,79188.39,7e-05,False
1741636605995,79188.39,7e-05,False
1741636605995,79188.39,7e-05,False
1741636605995,79188.4,0.00258,False
1741636605995,79188.4,7e-05,False
1741636605995,79188.51,0.00013,False
1741636605995,79188.51,7e-05,False
1741636605995,79189.73,0.00026,False
1741636605995,79189.73,0.00017,False
1741636605995,79189.74,0.00013,False
1741636605995,79189.75,0.00031,False
1741636605995,79189.99,0.00029,False
1741636605995,79190.05,0.00013,False
1741636605995,79190.59,0.0007,False
1741636605995,79191.15,7e-05,False
1741636605995,79191.17,7e-05,False
1741636605995,79191.17,0.00012,False
1741636605995,79191.17,0.00016,True
1741636605997,79191.44,0.00016,True
1741636606001,79191.44,0.00016,True
1741636606001,79191.44,0.00016,True
1741636606002,79191.44,0.00016,True
1741636606002,79191.44,0.00016,True
1741636606003,79191.44,0.00016,True
1741636606003,79191.44,0.00016,True
1741636606003,79191.44,0.00016,True
1741636606007,79191.44,0.00016,True
1741636606010,79191.44,0.00016,True
1741636606010,79191.44,0.00016,True
1741636606013,79191.44,0.00016,True
1741636606014,79191.44,0.00016,True
1741636606017,79191.44,0.00016,True
1741636606018,79191.44,0.00016,True
1741636606019,79191.44,0.00016,True
1741636606020,79191.44,0.00016,True
1741636606021,79191.44,0.00016,True
1741636606021,79191.44,0.00016,True
1741636606028,79191.44,0.00016,True
1741636606032,79191.44,0.00016,True
1741636606034,79191.44,0.00016,True
1741636606034,79191.44,0.00016,True
1741636606035,79191.44,0.00016,True
1741636606036,79191.44,0.00016,True
1741636606038,79191.44,0.00016,True
1741636606038,79191.44,0.00016,True
1741636606039,79191.44,0.00016,True
1741636606039,79191.44,0.00016,True
1741636606041,79191.44,0.00016,True
1741636606041,79191.44,0.00016,True
1741636606043,79191.44,0.00016,True
1741636606043,79191.44,0.00016,True
1741636606048,79191.44,0.00016,True
1741636606048,79191.44,0.00016,True
1741636606049,79191.44,0.00016,True
1741636606052,79191.44,0.00016,True
1741636606054,79191.44,0.00016,True
1741636606054,79191.44,0.00016,True
1741636606058,79191.44,0.00016,True
1741636606060,79191.44,0.00016,True
1741636606061,79191.44,0.00016,True
1741636606066,79191.44,0.00016,True
1741636606067,79191.44,0.00016,True
1741636606067,79191.44,0.00016,True
1741636606068,79191.44,0.00016,True
1741636606071,79191.44,0.00016,True
1741636606071,79191.44,0.00016,True
1741636606072,79191.44,0.00016,True
1741636606073,79191.44,0.00016,True
1741636606074,79191.44,0.00016,True
1741636606076,79191.44,0.00016,True
1741636606076,79191.44,0.00016,True
1741636606079,79191.44,0.00016,True
1741636606083,79191.44,0.00016,True
1741636606084,79191.44,0.00016,True
1741636606087,79191.44,0.00016,True
1741636606092,79191.44,0.00016,True
1741636606092,79191.44,0.00016,True
1741636606093,79191.44,0.00016,True
1741636606097,79191.44,0.00016,True
1741636606098,79191.44,0.00016,True
1741636606100,79191.44,0.00016,True
1741636606101,79191.44,0.00016,True
1741636606102,79191.44,0.00016,True
1741636606103,79191.44,0.00016,True
1741636606104,79191.44,0.00016,True
1741636606104,79191.44,0.00016,True
1741636606104,79191.44,0.00016,True
1741636606106,79191.44,0.00016,True
1741636606108,79191.44,0.00016,True
1741636606109,79191.44,0.00016,True
1741636606114,79191.44,0.00016,True
1741636606116,79191.44,0.00016,True
1741636606116,79191.44,0.00016,True
1741636606120,79191.44,0.00016,True
1741636606123,79191.44,0.00016,True
1741636606124,79191.44,0.00016,True
1741636606129,79191.44,0.00016,True
1741636606130,79191.44,0.00016,True
1741636606130,79191.44,0.00016,True
1741636606133,79191.44,0.00016,True
1741636606133,79191.44,0.00016,True
1741636606133,79191.44,0.00016,True
1741636606134,79191.44,0.00016,True
1741636606135,79191.44,0.00016,True
1741636606135,79191.44,0.00016,True
1741636606136,79191.44,0.00016,True
1741636606138,79191.44,0.00016,True
1741636606138,79191.44,0.00016,True
1741636606139,79191.44,0.00016,True
1741636606141,79191.44,0.00016,True
1741636606142,79191.44,0.00016,True
1741636606143,79191.44,0.00016,True
1741636606145,79191.44,0.00016,True
1741636606149,79191.44,0.00016,True
1741636606150,79191.44,0.00016,True
1741636606153,79191.44,0.00016,True
1741636606161,79191.44,0.00016,True
1741636606161,79191.44,0.00016,True
1741636606163,79191.44,0.00016,True
1741636606164,79191.44,0.00016,True
1741636606165,79191.44,0.00016,True
1741636606166,79191.44,0.00016,True
1741636606166,79191.44,0.00016,True
1741636606167,79191.44,0.00016,True
1741636606168,79191.44,0.00016,True
1741636606171,79191.44,0.00016,True
1741636606172,79191.44,0.00016,True
1741636606174,79191.44,0.00016,True
1741636606174,79191.44,0.00016,True
1741636606175,79191.44,0.00016,True
1741636606177,79191.44,0.00016,True
1741636606181,79191.44,0.00016,True
1741636606182,79191.44,0.00016,True
1741636606183,79191.44,0.00016,True
1741636606188,79191.44,0.00016,True
1741636606190,79191.44,0.00016,True
1741636606191,79191.44,0.00016,True
1741636606193,79191.44,0.00016,True
1741636606194,79191.44,0.00016,True
1741636606196,79191.44,0.00016,True
1741636606197,79191.44,0.00016,True
1741636606198,79191.44,0.00016,True
1741636606199,79191.44,0.00016,True
1741636606203,79191.44,0.00016,True
1741636606203,79191.44,0.00016,True
1741636606204,79191.44,0.00016,True
1741636606207,79191.44,0.00016,True
1741636606207,79191.44,0.00016,True
1741636606207,79191.44,0.00016,True
1741636606208,79191.44,0.00016,True
1741636606209,79191.44,0.00016,True
1741636606210,79191.44,0.00016,True
1741636606212,79191.44,0.00016,True
1741636606213,79191.44,0.00016,True
1741636606218,79191.44,0.00015,True
1741636606218,79191.44,0.00016,True
1741636606221,79191.44,0.00016,True
1741636606223,79191.44,0.00016,True
1741636606224,79191.44,0.00016,True
1741636606225,79191.44,0.00016,True
1741636606229,79191.44,0.00016,True
1741636606229,79191.44,0.00016,True
1741636606231,79191.44,0.00016,True
1741636606232,79191.44,0.00016,True
1741636606232,79191.44,0.00016,True
1741636606233,79191.44,0.00016,True
1741636606235,79191.44,0.00016,True
1741636606237,79191.44,0.00016,True
1741636606238,79191.44,0.00016,True
1741636606240,79191.44,0.00016,True
1741636606241,79191.44,0.00016,True
1741636606242,79191.44,0.00016,True
1741636606242,79191.44,0.00016,True
1741636606243,79191.44,0.00016,True
1741636606244,79191.44,0.00016,True
1741636606248,79191.44,0.00016,True
1741636606252,79191.44,0.00016,True
1741636606254,79191.44,0.00016,True
1741636606254,79191.44,0.00016,True
1741636606255,79191.44,0.00016,True
1741636606258,79191.44,0.00016,True
1741636606259,79191.44,0.00016,True
1741636606260,79191.44,0.00016,True
1741636606262,79191.44,0.00016,True
1741636606263,79191.44,0.00016,True
1741636606265,79191.44,0.00016,True
1741636606268,79191.44,0.00016,True
1741636606268,79191.44,0.00016,True
1741636606269,79191.44,0.00016,True
1741636606270,79191.44,0.00016,True
1741636606270,79191.44,0.00016,True
1741636606272,79191.44,0.00016,True
1741636606272,79191.44,0.00016,True
1741636606273,79191.44,0.00016,True
1741636606274,79191.44,0.00016,True
1741636606277,79191.44,0.00016,True
1741636606277,79191.44,0.00016,True
1741636606285,79191.44,0.00016,True
1741636606286,79191.44,0.00016,True
1741636606287,79191.44,0.00016,True
1741636606287,79191.44,0.00016,True
1741636606287,79191.44,0.00016,True
1741636606289,79191.44,0.00016,True
1741636606292,79191.44,0.00016,True
1741636606294,79191.44,0.00016,True
1741636606295,79191.44,0.00016,True
1741636606296,79191.44,0.00016,True
1741636606298,79191.44,0.00016,True
1741636606300,79191.44,0.00016,True
1741636606302,79191.44,0.00016,True
1741636606302,79191.44,0.00016,True
1741636606302,79191.44,0.00016,True
1741636606303,79191.44,0.00016,True
1741636606330,79191.44,0.00016,True
1741636606442,79191.44,0.00017,True
1741636606471,79191.45,7e-05,False
1741636606471,79191.45,1e-05,False
1741636606634,79191.45,6e-05,False
1741636606634,79191.45,7e-05,False
1741636606634,79191.45,7e-05,False
1741636606634,79191.45,7e-05,False
1741636606634,79191.45,7e-05,False
1741636606634,79191.45,7e-05,False
1741636606634,79191.45,0.0054,False
1741636606742,79191.45,0.00025,False
1741636606763,79191.44,0.00021,True
1741636607041,79191.45,7e-05,False
1741636607041,79191.45,0.00014,False
1741636607041,79191.45,0.0058,False
1741636607091,79191.45,0.00054,False
1741636607091,79191.45,7e-05,False
1741636607091,79191.45,7e-05,False
1741636607091,79191.45,7e-05,False
1741636607091,79191.45,7e-05,False
1741636607091,79191.45,7e-05,False
1741636607091,79191.45,0.00476,False
1741636607091,79191.45,0.01619,False
1741636607091,79191.46,0.00018,False
1741636607091,79191.46,0.00014,False
1741636607091,79191.46,0.00013,False
1741636607091,79191.46,0.00013,False
1741636607091,79191.46,7e-05,False
1741636607091,79191.46,7e-05,False
1741636607091,79191.65,7e-05,False
1741636607091,79191.65,7e-05,False
1741636607091,79191.66,0.00027,False
1741636607091,79191.66,7e-05,False
1741636607091,79191.66,7e-05,False
1741636607091,79191.72,7e-05,False
1741636607091,79191.72,7e-05,False
1741636607113,79191.73,7e-05,False
1741636607113,79191.73,7e-05,False
1741636607113,79191.73,7e-05,False
1741636607113,79191.73,7e-05,False
1741636607113,79191.73,7e-05,False
1741636607113,79191.73,7e-05,False
1741636607113,79191.73,0.01619,False
1741636607113,79191.73,7e-05,False
1741636607113,79191.73,7e-05,False
1741636607113,79191.73,7e-05,False
1741636607137,79191.74,0.00023,False
1741636607137,79191.74,0.00023,False
1741636607137,79191.74,0.00016,False
1741636607137,79191.74,0.0002,False
1741636607137,79191.74,0.00023,False
1741636607137,79191.74,0.00014,False
1741636607137,79191.74,7e-05,False
1741636607137,79191.74,7e-05,False
1741636607137,79191.74,7e-05,False
1741636607137,79191.74,7e-05,False
1741636607137,79191.74,7e-05,False
1741636607137,79191.74,7e-05,False
1741636607137,79191.74,7e-05,False
1741636607137,79191.74,7e-05,False
1741636607137,79191.74,7e-05,False
1741636607137,79191.75,0.0015,False
1741636607137,79191.75,7e-05,False
1741636607137,79191.75,0.00014,False
1741636607137,79191.99,7e-05,False
1741636607137,79191.99,7e-05,False
1741636607137,79191.99,7e-05,False
1741636607137,79191.99,9e-05,False
1741636607137,79191.99,7e-05,False
1741636607137,79192.0,0.0001,False
1741636607137,79192.0,0.002,False
1741636607137,79192.0,0.0001,False
1741636607137,79192.0,0.00015,False
1741636607137,79192.0,9e-05,False
1741636607137,79192.0,7e-05,False
1741636607140,79193.19,7e-05,False
1741636607316,79193.86,0.00115,False
1741636607316,79193.86,7e-05,False
1741636607316,79193.86,7e-05,False
1741636607316,79193.86,7e-05,False
1741636607316,79193.86,0.00013,False
1741636607316,79193.86,7e-05,False
1741636607316,79193.86,7e-05,False
1741636607316,79193.87,0.00012,False
1741636607316,79193.87,7e-05,False
1741636607316,79193.87,0.00014,False
1741636607316,79193.88,0.00013,False
1741636607316,79193.88,7e-05,False
1741636607316,79193.98,0.00016,False
1741636607316,79193.98,7e-05,False
1741636607316,79193.98,0.00011,False
1741636607316,79193.98,0.00011,False
1741636607316,79193.98,0.00011,False
1741636607316,79193.99,7e-05,False
1741636607316,79193.99,7e-05,False
1741636607316,79193.99,7e-05,False
1741636607316,79193.99,7e-05,False
1741636607316,79194.0,0.0223,False
1741636607316,79194.31,0.00165,False
1741636607316,79194.33,7e-05,False
1741636607316,79194.33,7e-05,False
1741636607316,79194.33,7e-05,False
1741636607704,79194.34,0.00015,False
1741636607769,79194.34,0.01263,False
1741636608048,79194.34,7e-05,False
1741636608048,79194.34,0.00013,False
1741636608048,79194.34,7e-05,False
1741636608048,79194.34,7e-05,False
1741636608048,79194.34,0.00323,False
1741636608246,79194.34,0.00041,False
1741636608857,79194.34,0.00024,False
1741636608980,79194.34,7e-05,False
1741636609106,79194.34,0.00518,False
1741636609341,79194.33,0.00026,True
1741636609492,79194.33,0.00018,True
1741636609587,79194.33,0.00019,True
1741636609701,79194.33,0.02074,True
1741636609917,79194.33,0.0001,True
1741636609917,79194.33,0.00014,True
1741636609917,79194.33,0.0225,True
1741636609917,79194.33,0.001,True
1741636609917,79194.33,0.003,True
1741636609917,79194.33,0.0003,True
1741636609917,79194.33,0.0001,True
1741636609917,79194.33,0.0001,True
1741636609917,79194.33,0.0001,True
1741636609917,79194.33,0.0001,True
1741636609917,79194.33,0.0001,True
1741636609917,79194.33,0.01246,True
1741636609994,79194.33,0.0001,True
1741636609994,79194.33,0.0001,True
1741636609994,79194.33,0.00044,True
1741636609994,79194.33,0.01,True
1741636610002,79194.34,0.00036,False
1741636610002,79194.34,0.04151,False
1741636610105,79194.34,0.01351,False
1741636610519,79194.34,0.00059,False
1741636610534,79194.34,0.00428,False
1741636610808,79194.34,0.00013,False
1741636610815,79194.33,0.00014,True
1741636610815,79194.33,0.001,True
1741636610815,79194.33,0.0001,True
1741636610815,79194.33,0.0001,True
1741636610815,79194.33,0.0001,True
1741636610815,79194.32,0.00014,True
1741636610815,79194.32,0.00013,True
1741636610815,79194.32,0.00014,True
1741636610815,79193.56,7e-05,True
1741636610815,79192.02,7e-05,True
1741636610815,79192.02,7e-05,True
1741636610815,79192.02,7e-05,True
1741636610832,79192.01,0.05063,False
1741636610914,79192.01,0.00043,False
1741636611013,79192.01,9e-05,False
1741636611029,79192.01,7e-05,False
1741636611470,79192.01,0.00034,False
1741636611756,79192.01,0.00035,False
1741636612012,79192.01,0.00021,False
1741636612570,79192.01,0.00303,False
1741636612646,79192.01,0.00179,False
1741636612871,79192.01,0.00072,False
1741636613114,79192.0,0.1,True
1741636613114,79192.0,0.00013,True
1741636613114,79192.0,0.0001,True
1741636613114,79191.99,9e-05,True
1741636613114,79191.99,0.00013,True
1741636613114,79191.99,0.00014,True
1741636613114,79191.99,0.00014,True
1741636613114,79191.76,0.0001,True
1741636613114,79191.76,0.0001,True
1741636613114,79191.76,0.0001,True
1741636613114,79191.74,7e-05,True
1741636613114,79191.74,7e-05,True
1741636613114,79191.74,7e-05,True
1741636613114,79191.73,0.00101,True
1741636613114,79191.73,0.00304,True
1741636613114,79191.61,7e-05,True
1741636613114,79191.61,7e-05,True
1741636613114,79191.61,7e-05,True
1741636613114,79191.6,0.003,True
1741636613114,79191.45,7e-05,True
1741636613114,79191.45,7e-05,True
1741636613114,79191.45,7e-05,True
1741636613114,79191.44,0.00677,True
1741636613116,79191.44,0.00021,True
1741636613117,79188.01,0.00011,True
1741636613117,79186.01,0.00013,True
1741636613117,79186.01,7e-05,True
1741636613117,79184.33,0.001,True
1741636613117,79183.96,0.00013,True
1741636613117,79183.89,0.0001,True
1741636613117,79183.89,7e-05,True
1741636613117,79183.89,7e-05,True
1741636613117,79183.89,7e-05,True
1741636613117,79183.88,0.0145,True
1741636613194,79183.88,0.0001,True
1741636613194,79183.88,0.0001,True
1741636613340,79183.88,0.0001,True
1741636613340,79183.88,0.00014,True
1741636613340,79183.88,0.0001,True
1741636613340,79183.88,0.00039,True
1741636613340,79183.88,0.00039,True
1741636613340,79183.88,0.00039,True
1741636613340,79183.88,0.0001,True
1741636613340,79183.88,0.0001,True
1741636613340,79183.87,0.00013,True
1741636613340,79183.87,0.00013,True
1741636613340,79183.87,0.00013,True
1741636613340,79183.86,0.0004,True
1741636613340,79183.53,7e-05,True
1741636613340,79183.53,7e-05,True
1741636613340,79183.53,7e-05,True
1741636613340,79183.52,0.003,True
1741636613344,79182.11,7e-05,True
1741636613344,79182.11,7e-05,True
1741636613344,79182.11,7e-05,True
1741636613344,79182.1,0.003,True
1741636613346,79181.69,7e-05,True
1741636613346,79181.67,0.001,True
1741636613366,79179.71,7e-05,True
1741636613366,79179.71,7e-05,True
1741636613366,79179.71,0.0001,True
1741636613366,79179.71,0.00021,True
1741636613366,79179.71,0.00021,True
1741636613366,79179.71,0.00021,True
1741636613366,79179.71,0.00021,True
1741636613366,79179.71,7e-05,True
1741636613366,79179.7,0.004,True
1741636613366,79178.5,7e-05,True
1741636613366,79178.5,7e-05,True
1741636613366,79178.5,7e-05,True
1741636613366,79178.49,0.003,True
1741636613366,79178.01,0.00013,True
1741636613366,79176.52,0.00013,True
1741636613400,79175.53,0.0001,True
1741636613400,79175.53,0.00021,True
1741636613400,79175.53,0.00021,True
1741636613400,79175.53,0.00021,True
1741636613400,79175.53,0.00021,True
1741636613480,79175.54,0.00126,False
1741636613550,79175.54,0.01894,False
1741636613779,79175.54,0.06317,False
1741636613905,79175.53,0.00013,True
1741636613905,79175.53,0.0001,True
1741636613905,79175.53,0.0001,True
1741636613905,79175.53,0.0001,True
1741636613905,79175.53,0.0091,True
1741636613905,79175.53,0.02,True
1741636613905,79175.53,0.01,True
1741636614228,79175.53,0.0002,True
1741636614426,79175.53,0.07455,True
1741636614667,79175.53,0.0001,True
1741636614667,79175.53,0.0001,True
1741636614667,79175.53,0.00013,True
1741636614667,79175.53,0.0001,True
1741636614667,79175.53,0.0001,True
1741636614667,79175.53,0.0001,True
1741636614667,79175.52,0.00013,True
1741636614667,79175.52,0.00014,True
1741636614667,79175.51,0.00014,True
1741636614667,79175.35,7e-05,True
1741636614667,79173.77,7e-05,True
1741636614667,79172.61,0.00015,True
1741636614667,79172.61,0.00015,True
1741636614667,79172.61,0.00015,True
1741636614667,79172.39,7e-05,True
1741636614667,79172.39,7e-05,True
1741636614667,79172.39,7e-05,True
1741636614667,79172.38,0.00257,True
1741636614667,79172.01,7e-05,True
1741636614667,79172.01,7e-05,True
1741636614667,79172.01,7e-05,True
1741636614667,79172.01,7e-05,True
1741636614667,79172.0,0.00186,True
1741636614674,79172.01,0.00126,False
1741636614707,79172.0,0.0002,True
1741636614918,79172.0,0.0001,True
1741636614918,79172.0,0.0399,True
1741636614969,79172.01,0.00061,False
1741636614979,79172.01,0.002,False
1741636615089,79172.01,0.00027,False
1741636615207,79172.0,0.00026,True
1741636615208,79172.01,0.0005,False
1741636615281,79172.0,0.00014,True
1741636615281,79172.0,0.00022,True
1741636615281,79172.0,0.0001,True
1741636615281,79172.0,0.0001,True
1741636615281,79172.0,0.0001,True
1741636615281,79171.99,0.00018,True
1741636615281,79171.99,0.00013,True
1741636615281,79171.99,0.00013,True
1741636615281,79171.98,0.00014,True
1741636615281,79171.94,8e-05,True
1741636615281,79171.39,7e-05,True
1741636615281,79170.53,8e-05,True
1741636615281,79169.82,7e-05,True
1741636615281,79169.82,7e-05,True
1741636615281,79169.82,7e-05,True
1741636615442,79169.82,0.00214,False
1741636615503,79169.81,0.05146,True
1741636615503,79169.81,0.00013,True
1741636615503,79169.81,0.0001,True
1741636615503,79169.81,0.0001,True
1741636615503,79169.81,0.0001,True
1741636615503,79169.8,0.00011,True
1741636615503,79169.8,0.00014,True
1741636615503,79169.8,0.00013,True
1741636615503,79169.78,0.00014,True
1741636615503,79169.37,7e-05,True
1741636615503,79168.4,0.00017,True
1741636615503,79168.4,0.0002,True
1741636615503,79168.23,7e-05,True
1741636615503,79167.11,7e-05,True
1741636615503,79167.11,7e-05,True
1741636615503,79167.11,7e-05,True
1741636615503,79167.1,0.003,True
1741636615503,79167.02,0.00028,True
1741636615503,79167.02,0.00028,True
1741636615503,79167.02,0.00028,True
1741636615503,79167.01,0.00014,True
1741636615503,79166.65,7e-05,True
1741636615503,79166.04,0.0001,True
1741636615503,79166.01,7e-05,True
1741636615503,79166.01,7e-05,True
1741636615503,79166.01,7e-05,True
1741636615631,79166.01,0.01263,False
1741636615777,79166.01,7e-05,False
1741636615777,79166.01,2e-05,False
1741636615806,79166.0,0.00019,True
1741636615806,79166.0,7e-05,True
1741636615806,79166.0,0.00014,True
1741636615806,79166.0,0.0021,True
1741636615838,79166.01,0.00131,False
1741636615895,79166.01,0.03881,False
1741636616109,79166.01,0.07579,False
1741636616235,79166.01,8e-05,False
1741636616334,79166.01,0.00133,False
1741636616392,79166.01,8e-05,False
1741636616527,79166.01,0.00514,False
1741636616633,79166.0,0.01653,True
1741636616633,79166.0,0.00014,True
1741636616633,79166.0,0.01,True
1741636616633,79166.0,0.0001,True
1741636616633,79166.0,0.0001,True
1741636616633,79166.0,0.0001,True
1741636616633,79165.99,0.00013,True
1741636616633,79165.99,0.00014,True
1741636616633,79165.97,0.00013,True
1741636616633,79163.48,7e-05,True
1741636616633,79163.01,0.0002,True
1741636616633,79163.01,0.0002,True
1741636616633,79163.01,0.0002,True
1741636616633,79162.51,0.00028,True
1741636616633,79162.01,9e-05,True
1741636616633,79162.01,7e-05,True
1741636616633,79162.01,7e-05,True
1741636616633,79162.01,7e-05,True
1741636616642,79160.95,0.00035,True
1741636616642,79160.95,7e-05,True
1741636616642,79160.95,7e-05,True
1741636616642,79160.95,0.0001,True
1741636616642,79160.95,7e-05,True
1741636616642,79160.94,0.00964,True
1741636616642,79160.02,0.00015,True
1741636616642,79160.02,0.00015,True
1741636616642,79160.02,0.00015,True
1741636616642,79160.01,0.00011,True
1741636616642,79159.91,7e-05,True
1741636616642,79159.91,7e-05,True
1741636616642,79159.91,0.00013,True
1741636616642,79159.91,7e-05,True
1741636616645,79159.9,0.10104,True
1741636616698,79159.9,0.0001,True
1741636616698,79159.9,0.0001,True
1741636616698,79159.89,0.00014,True
1741636616698,79159.89,0.00013,True
1741636616698,79159.89,0.0003,True
1741636616698,79159.1,9e-05,True
1741636616698,79159.1,7e-05,True
1741636616698,79159.1,7e-05,True
1741636616698,79159.1,7e-05,True
1741636616698,79158.73,7e-05,True
1741636616698,79158.07,0.00019,True
1741636616698,79158.07,7e-05,True
1741636616698,79158.07,7e-05,True
1741636616698,79158.07,7e-05,True
1741636616698,79157.61,7e-05,True
1741636616698,79157.61,7e-05,True
1741636616698,79157.61,7e-05,True
1741636616698,79157.6,0.003,True
1741636616698,79156.85,0.00015,True
1741636616698,79156.71,7e-05,True
1741636616698,79156.71,7e-05,True
1741636616698,79156.71,0.00014,True
1741636616698,79156.71,0.0003,True
1741636616698,79156.71,7e-05,True
1741636617094,79156.71,0.00025,False
1741636617279,79156.71,0.0044,False
1741636617279,79156.71,0.00191,False
1741636617317,79156.7,2.19463,True
1741636617404,79156.7,0.00445,True
1741636617408,79156.7,0.366,True
1741636617410,79156.7,0.21892,True
1741636617410,79156.7,0.216,True
1741636617410,79156.7,0.00029,True
1741636617410,79156.7,0.00014,True
1741636617410,79156.7,0.0001,True
1741636617410,79156.7,0.0001,True
1741636617410,79156.69,0.00016,True
1741636617410,79156.69,0.00014,True
1741636617410,79156.69,0.00014,True
1741636617410,79156.67,0.00013,True
1741636617410,79156.56,0.00032,True
1741636617410,79156.56,0.00017,True
1741636617410,79156.56,0.00017,True
1741636617410,79156.56,0.00017,True
1741636617410,79156.53,0.001,True
1741636617410,79155.78,7e-05,True
1741636617410,79155.78,7e-05,True
1741636617410,79155.78,7e-05,True
1741636617410,79155.77,0.00964,True
1741636617955,79152.95,0.00107,False
1741636618064,79152.95,0.00786,False
1741636618064,79152.95,7e-05,False
1741636618064,79152.95,7e-05,False
1741636618064,79152.95,0.0001,False
1741636618064,79152.95,7e-05,False
1741636618064,79152.95,7e-05,False
1741636618064,79152.95,7e-05,False
1741636618064,79152.95,7e-05,False
1741636618064,79152.95,7e-05,False
1741636618064,79152.95,7e-05,False
1741636618064,79152.95,7e-05,False
1741636618064,79152.95,0.0096,False
1741636618316,79152.95,7e-05,False
1741636618316,79152.95,7e-05,False
1741636618316,79152.95,0.0001,False
1741636618316,79152.95,0.0001,False
1741636618316,79152.95,3e-05,False
1741636618724,79152.94,0.00014,True
1741636618724,79152.94,0.05297,True
1741636618724,79152.94,0.0365,True
1741636619015,79152.94,0.0001,True
1741636619015,79152.94,0.0001,True
1741636619015,79152.94,0.0001,True
1741636619015,79152.94,0.00013,True
1741636619015,79152.93,0.00013,True
1741636619015,79152.92,0.00014,True
1741636619015,79152.91,0.00019,True
1741636619015,79152.9,0.00014,True
1741636619015,79152.48,0.0002,True
1741636619015,79152.48,0.0002,True
1741636619015,79152.48,0.0002,True
1741636619015,79152.23,7e-05,True
1741636619015,79152.23,7e-05,True
1741636619015,79152.23,0.00011,True
1741636619015,79152.23,7e-05,True
1741636619015,79152.22,0.01565,True
1741636619015,79151.6,7e-05,True
1741636619015,79151.57,7e-05,True
1741636619015,79151.57,7e-05,True
1741636619015,79151.57,7e-05,True
1741636619015,79151.56,0.00964,True
1741636619015,79150.81,7e-05,True
1741636619015,79150.2,0.004,True
1741636619015,79150.03,0.00013,True
1741636619015,79150.01,7e-05,True
1741636619015,79150.01,7e-05,True
1741636619015,79150.01,7e-05,True
1741636619401,79150.01,0.00354,False
1741636619606,79150.01,0.00137,False
1741636619926,79150.0,0.00013,True
1741636619926,79150.0,0.0001,True
1741636619926,79150.0,0.0305,True
1741636619926,79150.0,0.00011,True
1741636619926,79150.0,0.00916,True
1741636619979,79150.01,0.02551,False
1741636620029,79150.01,0.00063,False
1741636620145,79150.0,0.00013,True
1741636620145,79150.0,0.0001,True
1741636620145,79149.99,0.00015,True
1741636620145,79149.99,0.00014,True
1741636620145,79149.98,0.00013,True
1741636620145,79149.96,0.00013,True
1741636620145,79149.96,0.00013,True
1741636620145,79149.96,0.00013,True
1741636620145,79149.96,0.00013,True
1741636620195,79150.01,0.0135,False
1741636620390,79150.01,7e-05,False
1741636620390,79150.01,3e-05,False
1741636620401,79150.0,7e-05,True
1741636620669,79150.01,4e-05,False
1741636620669,79150.01,7e-05,False
1741636620669,79150.01,7e-05,False
1741636620669,79150.01,0.00014,False
1741636620669,79150.01,0.00014,False
1741636620669,79150.01,0.00196,False
1741636620669,79150.01,0.00018,False
1741636620669,79150.01,0.001,False
1741636620669,79150.01,0.00014,False
1741636620669,79150.01,6e-05,False
1741636620711,79150.0,0.0002,True
1741636620802,79150.01,1e-05,False
1741636620802,79150.01,0.00329,False
1741636620892,79150.0,0.00013,True
1741636620892,79150.0,6e-05,True
1741636620947,79150.01,0.00111,False
1741636620947,79150.01,7e-05,False
1741636620947,79150.01,7e-05,False
1741636620947,79150.01,0.00073,False
1741636620947,79150.01,0.01119,False
1741636621256,79150.0,0.00327,True
1741636621656,79150.01,0.00027,False
1741636621713,79150.0,0.0002,True
1741636621839,79150.01,0.00124,False
1741636621985,79150.01,0.04285,False
1741636622054,79150.01,0.00206,False
1741636622084,79150.01,0.00124,False
1741636622094,79150.01,0.01974,False
1741636622226,79150.01,0.00125,False
1741636622262,79150.01,7e-05,False
1741636622262,79150.01,7e-05,False
1741636622262,79150.01,7e-05,False
1741636622262,79150.01,0.00013,False
1741636622262,79150.01,0.00013,False
1741636622262,79150.01,0.0001,False
1741636622262,79150.01,7e-05,False
1741636622262,79150.01,7e-05,False
1741636622262,79150.01,7e-05,False
1741636622262,79150.01,0.0001,False
1741636622262,79150.01,0.0001,False
1741636622262,79150.01,0.0001,False
1741636622262,79150.01,0.0001,False
1741636622262,79150.01,0.00154,False
1741636622262,79150.01,0.0001,False
1741636622262,79150.01,0.0001,False
1741636622262,79150.01,0.00053,False
1741636622262,79150.02,0.00013,False
1741636622262,79150.02,0.00014,False
1741636622262,79150.02,7e-05,False
1741636622262,79150.02,7e-05,False
1741636622262,79150.02,0.00053,False
1741636622262,79150.03,7e-05,False
1741636622262,79150.03,7e-05,False
1741636622262,79150.2,7e-05,False
1741636622262,79150.2,7e-05,False
1741636622262,79150.21,7e-05,False
1741636622262,79150.21,7e-05,False
1741636622262,79150.29,7e-05,False
1741636622262,79150.41,7e-05,False
1741636622262,79150.42,7e-05,False
1741636622262,79150.8,7e-05,False
1741636622262,79152.71,8e-05,False
1741636622262,79152.93,0.00014,False
1741636622262,79152.93,0.00014,False
1741636622262,79152.93,0.00014,False
1741636622262,79152.94,7e-05,False
1741636622262,79152.94,7e-05,False
1741636622262,79152.94,7e-05,False
1741636622262,79152.95,0.00304,False
1741636622262,79152.95,0.00101,False
1741636622262,79152.95,0.00057,False
1741636622262,79153.99,7e-05,False
1741636622262,79153.99,7e-05,False
1741636622262,79153.99,0.00016,False
1741636622262,79153.99,7e-05,False
1741636622262,79154.0,0.0092,False
1741636622368,79154.0,0.00095,False
1741636622489,79154.0,0.0007,False
1741636622695,79153.99,0.00212,True
1741636622734,79154.0,0.00737,False
1741636622917,79154.0,0.00408,False
1741636622917,79154.0,0.00113,False
1741636622917,79154.0,8e-05,False
1741636622917,79154.0,0.0001,False
1741636622917,79154.0,7e-05,False
1741636622917,79154.0,7e-05,False
1741636622917,79154.0,7e-05,False
1741636622917,79154.0,0.00014,False
1741636622917,79154.0,7e-05,False
1741636622917,79154.0,0.0001,False
1741636622917,79154.0,0.00144,False
1741636622917,79154.0,0.01728,False
1741636622946,79153.99,0.00016,True
1741636622951,79153.99,0.00016,True
1741636622955,79154.0,0.00021,False
1741636623062,79153.99,0.00579,True
1741636623429,79153.99,0.00014,True
1741636623429,79153.99,0.0001,True
1741636623429,79153.99,0.0001,True
1741636623429,79153.99,0.0001,True
1741636623429,79153.99,6e-05,True
1741636623438,79153.99,4e-05,True
1741636623438,79153.99,0.0001,True
1741636623438,79153.99,0.0001,True
1741636623438,79153.98,0.00014,True
1741636623438,79153.97,0.00012,True
1741636623438,79153.97,2e-05,True
1741636623438,79153.96,0.00013,True
1741636623438,79153.19,7e-05,True
1741636623438,79152.98,9e-05,True
1741636623438,79152.4,7e-05,True
1741636623438,79150.02,0.00014,True
1741636623438,79150.01,0.00014,True
1741636623438,79150.01,0.00014,True
1741636623438,79150.01,7e-05,True
1741636623438,79150.01,7e-05,True
1741636623438,79150.01,7e-05,True
1741636623457,79150.0,0.00016,True
1741636623469,79150.01,0.00401,False
1741636623485,79150.0,0.00041,True
1741636623487,79150.0,0.00016,True
1741636623490,79150.0,0.00016,True
1741636623491,79150.0,0.00016,True
1741636623505,79150.0,0.00526,True
1741636623505,79150.0,0.0001,True
1741636623505,79150.0,0.0001,True
1741636623505,79150.0,0.0001,True
1741636623505,79150.0,0.17506,True
1741636623505,79150.0,0.01,True
1741636623517,79150.0,0.00013,True
1741636623517,79150.0,0.0001,True
1741636623517,79150.0,0.0001,True
1741636623517,79150.0,0.0001,True
1741636623517,79149.99,0.00013,True
1741636623517,79149.98,0.00014,True
1741636623517,79148.97,7e-05,True
1741636623517,79148.97,7e-05,True
1741636623517,79148.97,7e-05,True
1741636623517,79148.96,0.021,True
1741636623517,79148.24,7e-05,True
1741636623517,79148.24,7e-05,True
1741636623517,79148.24,7e-05,True
1741636623517,79148.23,0.00964,True
1741636623522,79147.39,9e-05,True
1741636623536,79147.31,7e-05,True
1741636623536,79147.31,7e-05,True
1741636623536,79147.31,0.00016,True
1741636623536,79147.31,0.00013,True
1741636623536,79147.31,0.00013,True
1741636623536,79147.31,0.00013,True
1741636623536,79147.31,0.00013,True
1741636623536,79147.31,0.0001,True
1741636623536,79147.31,7e-05,True
1741636623536,79147.3,0.00028,True
1741636623564,79147.31,0.00014,False
1741636623566,79147.3,0.00272,True
1741636623566,79147.3,0.0001,True
1741636623568,79146.85,7e-05,True
1741636623570,79146.85,0.0001,True
1741636623605,79145.87,7e-05,True
1741636623605,79145.87,7e-05,True
1741636623605,79145.87,7e-05,True
1741636623605,79145.87,0.0001,True
1741636623605,79145.87,7e-05,True
1741636623605,79145.87,7e-05,True
1741636623605,79145.87,0.00019,True
1741636623722,79145.87,7e-05,True
1741636623722,79145.87,0.0001,True
1741636623722,79145.87,3e-05,True
1741636623752,79145.87,4e-05,True
1741636623752,79145.87,0.00014,True
1741636623752,79145.87,0.0001,True
1741636623752,79145.87,7e-05,True
1741636623752,79145.87,0.00217,True
1741636623995,79145.88,7e-05,False
1741636623995,79145.88,7e-05,False
1741636623995,79145.88,7e-05,False
1741636623995,79145.88,0.00013,False
1741636623995,79145.88,7e-05,False
1741636623995,79145.88,7e-05,False
1741636623995,79145.88,7e-05,False
1741636623995,79145.88,0.0001,False
1741636623995,79145.88,0.0001,False
1741636623995,79145.88,0.0001,False
1741636623995,79145.88,0.00056,False
1741636623995,79145.89,0.00013,False
1741636623995,79145.89,7e-05,False
1741636623995,79145.89,7e-05,False
1741636623995,79145.89,0.00014,False
1741636623995,79145.89,0.00054,False
1741636623995,79145.96,7e-05,False
1741636623995,79145.96,7e-05,False
1741636623995,79145.97,7e-05,False
1741636623995,79145.97,7e-05,False
1741636623995,79145.99,7e-05,False
1741636623995,79145.99,7e-05,False
1741636623995,79146.0,7e-05,False
1741636623995,79146.7,7e-05,False
1741636623995,79146.76,7e-05,False
1741636623995,79146.84,7e-05,False
1741636623995,79147.66,0.0004,False
1741636623995,79147.99,7e-05,False
1741636623995,79147.99,7e-05,False
1741636623995,79147.99,7e-05,False
1741636624167,79148.0,7e-05,False
1741636624167,79148.0,7e-05,False
1741636624167,79148.0,0.00034,False
1741636624167,79148.0,7e-05,False
1741636624167,79148.0,0.00013,False
1741636624167,79148.0,7e-05,False
1741636624167,79148.0,7e-05,False
1741636624167,79148.0,7e-05,False
1741636624167,79148.0,5e-05,False
1741636624383,79148.0,0.0001,False
1741636624383,79148.0,3e-05,False
1741636624395,79147.99,0.00014,True
1741636624395,79147.99,0.0001,True
1741636624395,79147.99,0.0001,True
1741636624395,79147.99,0.0001,True
1741636624395,79147.98,0.00013,True
1741636624395,79147.98,0.00013,True
1741636624395,79147.98,0.00013,True
1741636624395,79147.65,7e-05,True
1741636624395,79145.87,7e-05,True
1741636624395,79145.87,7e-05,True
1741636624395,79145.87,7e-05,True
