timestamp,price,volume,is_ask
1741633403576,77619.67,0.00018,False
1741633403644,77619.67,0.00128,False
1741633403685,77619.67,0.00067,False
1741633403688,77619.67,0.00515,False
1741633403708,77619.66,0.0004,True
1741633403743,77619.66,0.00224,True
1741633403835,77619.66,7e-05,True
1741633403835,77619.66,7e-05,True
1741633403835,77619.66,7e-05,True
1741633403835,77619.66,7e-05,True
1741633403835,77619.66,7e-05,True
1741633403835,77619.66,7e-05,True
1741633403835,77619.66,0.0001,True
1741633403835,77619.66,0.0001,True
1741633403835,77619.66,0.00014,True
1741633403835,77619.66,0.0001,True
1741633403835,77619.66,0.0001,True
1741633403835,77619.66,0.0001,True
1741633403835,77619.66,7e-05,True
1741633403835,77619.65,0.00015,True
1741633403835,77619.65,7e-05,True
1741633403835,77619.65,0.00014,True
1741633403835,77619.65,7e-05,True
1741633403835,77619.65,0.00013,True
1741633403835,77619.64,8e-05,True
1741633403835,77619.64,7e-05,True
1741633403835,77619.64,7e-05,True
1741633403835,77619.61,7e-05,True
1741633403835,77619.61,7e-05,True
1741633403835,77619.57,0.00013,True
1741633403835,77619.57,7e-05,True
1741633403835,77619.57,7e-05,True
1741633403835,77618.82,0.0002,True
1741633403835,77618.82,0.0002,True
1741633403835,77618.82,0.0002,True
1741633403835,77618.82,7e-05,True
1741633403835,77618.81,7e-05,True
1741633403835,77618.32,7e-05,True
1741633403835,77617.31,7e-05,True
1741633403835,77617.31,7e-05,True
1741633403835,77617.31,8e-05,True
1741633403835,77617.31,7e-05,True
1741633403835,77617.3,0.01899,True
1741633403835,77615.31,0.00023,True
1741633403835,77615.29,0.00042,True
1741633403835,77615.03,0.003,True
1741633403835,77614.81,0.0003,True
1741633403835,77614.0,0.014,True
1741633403835,77612.12,7e-05,True
1741633403835,77612.12,7e-05,True
1741633403835,77612.12,7e-05,True
1741633403839,77612.11,8e-05,True
1741633403842,77612.12,0.00107,False
1741633403847,77612.12,0.00043,False
1741633403850,77612.12,0.00017,False
1741633403854,77612.12,7e-05,False
1741633403895,77612.11,7e-05,True
1741633403895,77612.11,7e-05,True
1741633403895,77612.11,2e-05,True
1741633403924,77612.12,0.0139,False
1741633404010,77612.11,8e-05,True
1741633404010,77612.11,0.0001,True
1741633404010,77612.11,2e-05,True
1741633404042,77612.11,7e-05,True
1741633404042,77612.11,0.00014,True
1741633404042,77612.11,0.0001,True
1741633404042,77612.11,7e-05,True
1741633404042,77612.11,7e-05,True
1741633404042,77612.11,7e-05,True
1741633404042,77612.11,7e-05,True
1741633404042,77612.11,7e-05,True
1741633404042,77612.11,0.00033,True
1741633404042,77612.11,0.00033,True
1741633404042,77612.11,0.00033,True
1741633404042,77612.11,0.0001,True
1741633404042,77612.11,8e-05,True
1741633404054,77612.12,9e-05,False
1741633404112,77612.12,0.00125,False
1741633404134,77612.11,7e-05,True
1741633404134,77612.11,7e-05,True
1741633404134,77612.11,7e-05,True
1741633404134,77612.11,7e-05,True
1741633404134,77612.11,7e-05,True
1741633404134,77612.11,7e-05,True
1741633404134,77612.11,0.00014,True
1741633404134,77612.1,0.0003,True
1741633404144,77612.1,8e-05,True
1741633404144,77612.1,7e-05,True
1741633404144,77612.1,0.00014,True
1741633404144,77612.1,2e-05,True
1741633404145,77612.1,0.00012,True
1741633404145,77612.1,7e-05,True
1741633404145,77612.1,7e-05,True
1741633404145,77612.1,7e-05,True
1741633404145,77612.1,7e-05,True
1741633404145,77612.1,7e-05,True
1741633404145,77612.1,0.0001,True
1741633404145,77612.09,8e-05,True
1741633404145,77612.09,7e-05,True
1741633404145,77612.09,7e-05,True
1741633404145,77612.02,0.00013,True
1741633404149,77612.02,8e-05,True
1741633404150,77612.02,7e-05,True
1741633404150,77612.02,7e-05,True
1741633404150,77612.02,0.0001,True
1741633404150,77612.02,0.0001,True
1741633404150,77612.02,0.0001,True
1741633404150,77612.02,7e-05,True
1741633404150,77612.02,7e-05,True
1741633404150,77612.02,7e-05,True
1741633404150,77612.02,3e-05,True
1741633404150,77612.02,4e-05,True
1741633404150,77612.01,7e-05,True
1741633404150,77612.01,7e-05,True
1741633404150,77612.01,7e-05,True
1741633404150,77612.01,0.00014,True
1741633404150,77612.01,7e-05,True
1741633404150,77612.01,7e-05,True
1741633404150,77612.0,7e-05,True
1741633404162,77612.0,0.00193,True
1741633404162,77612.0,0.0001,True
1741633404162,77612.0,7e-05,True
1741633404162,77612.0,7e-05,True
1741633404184,77612.0,8e-05,True
1741633404184,77612.0,7e-05,True
1741633404184,77612.0,0.0001,True
1741633404184,77612.0,7e-05,True
1741633404184,77612.0,7e-05,True
1741633404184,77612.0,7e-05,True
1741633404184,77612.0,7e-05,True
1741633404184,77612.0,7e-05,True
1741633404184,77612.0,0.0001,True
1741633404184,77612.0,0.0001,True
1741633404184,77612.0,0.0001,True
1741633404184,77612.0,7e-05,True
1741633404184,77612.0,7e-05,True
1741633404184,77612.0,7e-05,True
1741633404184,77612.0,7e-05,True
1741633404184,77611.99,0.00014,True
1741633404184,77611.99,6e-05,True
1741633404188,77611.99,1e-05,True
1741633404188,77611.99,7e-05,True
1741633404207,77611.99,0.0001,True
1741633404207,77611.99,0.0001,True
1741633404207,77611.99,7e-05,True
1741633404207,77611.99,0.0001,True
1741633404207,77611.99,7e-05,True
1741633404207,77611.99,7e-05,True
1741633404207,77611.99,7e-05,True
1741633404207,77611.99,7e-05,True
1741633404207,77611.99,7e-05,True
1741633404207,77611.99,7e-05,True
1741633404207,77611.99,6e-05,True
1741633404307,77611.99,1e-05,True
1741633404307,77611.99,7e-05,True
1741633404307,77611.99,7e-05,True
1741633404307,77611.99,7e-05,True
1741633404307,77611.99,7e-05,True
1741633404307,77611.99,0.0001,True
1741633404307,77611.99,0.0001,True
1741633404307,77611.99,0.0001,True
1741633404307,77611.99,7e-05,True
1741633404307,77611.98,0.00014,True
1741633404307,77611.98,7e-05,True
1741633404307,77611.98,7e-05,True
1741633404307,77611.97,5e-05,True
1741633404310,77611.98,7e-05,False
1741633404319,77611.97,3e-05,True
1741633404319,77611.97,7e-05,True
1741633404319,77611.97,7e-05,True
1741633404319,77611.97,0.0001,True
1741633404319,77611.97,7e-05,True
1741633404319,77611.97,7e-05,True
1741633404319,77611.97,7e-05,True
1741633404319,77611.97,7e-05,True
1741633404321,77611.9,8e-05,True
1741633404387,77611.9,5e-05,True
1741633404387,77611.9,7e-05,True
1741633404387,77611.9,7e-05,True
1741633404387,77611.9,0.0001,True
1741633404387,77611.9,0.0001,True
1741633404410,77611.9,0.0001,True
1741633404416,77611.9,0.0001,True
1741633404419,77611.9,7e-05,True
1741633404419,77611.9,7e-05,True
1741633404419,77611.9,7e-05,True
1741633404419,77611.9,7e-05,True
1741633404419,77611.9,7e-05,True
1741633404419,77611.9,0.0001,True
1741633404424,77611.89,0.00014,True
1741633404424,77611.89,0.00014,True
1741633404424,77611.89,7e-05,True
1741633404458,77611.9,0.00673,False
1741633404510,77611.89,0.0002,True
1741633404535,77611.89,0.01001,True
1741633404602,77611.9,7e-05,False
1741633404602,77611.9,7e-05,False
1741633404602,77611.9,7e-05,False
1741633404602,77611.9,7e-05,False
1741633404602,77611.9,7e-05,False
1741633404602,77611.9,4e-05,False
1741633404821,77611.89,7e-05,True
1741633404821,77611.89,0.00133,True
1741633404891,77611.9,0.0001,False
1741633404891,77611.9,0.00633,False
1741633404902,77611.9,0.02088,False
1741633405057,77611.89,7e-05,True
1741633405057,77611.89,0.00014,True
1741633405057,77611.89,7e-05,True
1741633405057,77611.89,7e-05,True
1741633405057,77611.89,7e-05,True
1741633405057,77611.89,7e-05,True
1741633405057,77611.89,7e-05,True
1741633405057,77611.89,0.0001,True
1741633405057,77611.89,0.019,True
1741633405057,77611.89,0.0066,True
1741633405057,77611.88,8e-05,True
1741633405057,77611.88,0.00014,True
1741633405057,77611.88,0.00013,True
1741633405057,77611.88,7e-05,True
1741633405057,77611.88,7e-05,True
1741633405057,77611.85,7e-05,True
1741633405057,77611.85,7e-05,True
1741633405057,77611.82,0.00012,True
1741633405057,77611.82,7e-05,True
1741633405057,77611.82,7e-05,True
1741633405057,77611.8,7e-05,True
1741633405057,77611.8,7e-05,True
1741633405057,77611.78,7e-05,True
1741633405060,77610.54,7e-05,True
1741633405060,77610.54,1e-05,True
1741633405086,77610.55,0.00139,False
1741633405202,77610.55,0.00073,False
1741633405310,77610.54,7e-05,True
1741633405310,77610.54,7e-05,True
1741633405310,77610.54,8e-05,True
1741633405310,77610.54,7e-05,True
1741633405310,77610.54,0.00014,True
1741633405310,77610.54,7e-05,True
1741633405310,77610.54,7e-05,True
1741633405310,77610.54,0.0001,True
1741633405310,77610.54,7e-05,True
1741633405310,77610.54,7e-05,True
1741633405310,77610.54,7e-05,True
1741633405310,77610.54,7e-05,True
1741633405310,77610.53,7e-05,True
1741633405310,77610.53,0.00013,True
1741633405310,77610.53,0.00013,True
1741633405310,77610.53,0.00266,True
1741633405333,77610.53,0.01386,True
1741633405333,77610.53,7e-05,True
1741633405333,77610.53,0.0001,True
1741633405333,77610.53,7e-05,True
1741633405333,77610.53,7e-05,True
1741633405333,77610.53,7e-05,True
1741633405333,77610.53,7e-05,True
1741633405333,77610.53,7e-05,True
1741633405333,77610.53,0.00014,True
1741633405333,77610.52,8e-05,True
1741633405333,77610.52,7e-05,True
1741633405333,77610.52,7e-05,True
1741633405333,77610.46,0.00014,True
1741633405333,77610.46,7e-05,True
1741633405333,77610.46,7e-05,True
1741633405337,77610.01,8e-05,True
1741633405404,77610.02,0.00037,False
1741633405419,77610.01,0.00021,True
1741633405419,77610.01,0.00011,True
1741633405419,77610.01,0.00011,True
1741633405419,77610.01,7e-05,True
1741633405419,77610.01,7e-05,True
1741633405419,77610.01,7e-05,True
1741633405419,77610.01,7e-05,True
1741633405419,77610.01,7e-05,True
1741633405449,77610.01,0.00027,False
1741633405518,77610.01,0.00052,False
1741633405645,77610.0,7e-05,True
1741633405645,77610.0,7e-05,True
1741633405645,77610.0,7e-05,True
1741633405645,77610.0,7e-05,True
1741633405645,77610.0,7e-05,True
1741633405645,77610.0,0.00014,True
1741633405645,77610.0,0.00331,True
1741633405722,77610.01,0.00016,False
1741633405837,77610.01,0.00128,False
1741633405958,77610.01,0.0013,False
1741633406022,77610.01,0.00025,False
1741633406079,77610.0,0.00014,True
1741633406079,77610.0,7e-05,True
1741633406079,77609.99,8e-05,True
1741633406079,77609.99,0.00014,True
1741633406079,77609.99,0.00013,True
1741633406079,77609.99,7e-05,True
1741633406079,77609.88,7e-05,True
1741633406079,77609.37,9e-05,True
1741633406079,77609.37,7e-05,True
1741633406079,77609.37,4e-05,True
1741633406080,77609.37,3e-05,True
1741633406080,77609.12,8e-05,True
1741633406080,77609.12,7e-05,True
1741633406080,77608.37,0.00037,True
1741633406080,77608.37,7e-05,True
1741633406080,77608.36,0.0002,True
1741633406080,77608.36,0.00041,True
1741633406080,77608.36,7e-05,True
1741633406080,77608.35,0.0015,True
1741633406080,77608.35,7e-05,True
1741633406080,77608.03,0.00026,True
1741633406080,77608.01,7e-05,True
1741633406080,77608.01,7e-05,True
1741633406080,77608.01,7e-05,True
1741633406080,77608.0,0.002,True
1741633406080,77608.0,0.0001,True
1741633406083,77607.28,8e-05,True
1741633406084,77607.28,0.00051,True
1741633406084,77607.28,7e-05,True
1741633406084,77607.28,7e-05,True
1741633406084,77607.28,7e-05,True
1741633406084,77607.27,0.003,True
1741633406084,77607.14,7e-05,True
1741633406089,77606.13,0.00017,True
1741633406089,77606.13,0.0001,True
1741633406089,77606.06,0.00017,True
1741633406089,77606.01,7e-05,True
1741633406089,77606.01,7e-05,True
1741633406089,77606.01,7e-05,True
1741633406093,77604.32,8e-05,False
1741633406096,77604.31,7e-05,True
1741633406096,77604.31,1e-05,True
1741633406126,77604.31,6e-05,True
1741633406126,77604.31,0.00021,True
1741633406126,77604.31,0.0001,True
1741633406126,77604.31,0.00028,True
1741633406126,77604.31,0.00028,True
1741633406126,77604.31,0.00031,True
1741633406126,77604.31,7e-05,True
1741633406126,77604.31,0.0001,True
1741633406126,77604.31,0.0001,True
1741633406126,77604.31,7e-05,True
1741633406126,77604.31,7e-05,True
1741633406126,77604.3,0.00686,True
1741633406196,77604.3,0.00034,True
1741633406196,77604.3,0.00013,True
1741633406196,77604.3,0.0001,True
1741633406196,77604.29,8e-05,True
1741633406196,77604.29,0.00031,True
1741633406196,77604.29,0.00014,True
1741633406196,77604.04,0.00014,True
1741633406196,77604.02,0.00033,True
1741633406196,77604.01,7e-05,True
1741633406196,77604.01,7e-05,True
1741633406196,77604.01,7e-05,True
1741633406196,77604.0,0.002,True
1741633406196,77604.0,0.0001,True
1741633406196,77604.0,0.014,True
1741633406196,77603.66,0.00037,True
1741633406196,77602.46,0.0002,True
1741633406196,77602.14,0.00013,True
1741633406196,77602.01,7e-05,True
1741633406196,77602.01,7e-05,True
1741633406196,77602.01,7e-05,True
1741633406196,77602.0,0.014,True
1741633406196,77601.6,0.00015,True
1741633406196,77600.99,0.00017,True
1741633406196,77600.99,0.00017,True
1741633406196,77600.99,0.00017,True
1741633406196,77600.98,0.00218,True
1741633406196,77600.02,0.0001,True
1741633406196,77600.02,7e-05,True
1741633406196,77600.02,7e-05,True
1741633406196,77600.02,0.00021,True
1741633406196,77600.02,7e-05,True
1741633406196,77600.0,0.02575,True
1741633406196,77600.0,0.002,True
1741633406196,77600.0,0.0001,True
1741633406196,77600.0,8e-05,True
1741633406196,77600.0,0.00022,True
1741633406196,77600.0,0.00121,True
1741633406196,77600.0,0.00017,True
1741633406196,77600.0,0.00011,True
1741633406196,77600.0,0.00038,True
1741633406196,77600.0,0.00019,True
1741633406196,77600.0,0.00017,True
1741633406196,77600.0,0.00122,True
1741633406196,77600.0,0.00071,True
1741633406196,77600.0,0.0025,True
1741633406196,77600.0,0.03866,True
1741633406196,77600.0,7e-05,True
1741633406196,77600.0,0.07041,True
1741633406196,77600.02,0.00607,False
1741633406196,77600.0,0.60434,True
1741633406199,77600.0,0.6,True
1741633406200,77600.0,8e-05,True
1741633406233,77600.01,0.00333,False
1741633406273,77600.0,0.0006,True
1741633406278,77600.01,0.013,False
1741633406450,77600.0,0.00013,True
1741633406521,77600.0,0.0002,True
1741633406567,77600.01,0.00139,False
1741633406627,77600.01,0.00414,False
1741633406665,77600.01,0.02577,False
1741633406741,77600.01,0.00396,False
1741633406746,77600.01,0.00021,False
1741633406747,77600.0,0.01114,True
1741633406769,77600.01,0.00128,False
1741633406874,77600.01,0.00215,False
1741633407047,77600.0,0.161,True
1741633407048,77600.0,0.1587,True
1741633407168,77600.01,0.00128,False
1741633407186,77600.01,0.00128,False
1741633407210,77600.01,8e-05,False
1741633407213,77600.01,0.00056,False
1741633407214,77600.01,8e-05,False
1741633407294,77600.01,0.00128,False
1741633407315,77600.0,0.84093,True
1741633407383,77600.01,0.0009,False
1741633407409,77600.01,0.00013,False
1741633407412,77600.01,0.00194,False
1741633407472,77600.01,0.00018,False
1741633407472,77600.01,0.00039,False
1741633407526,77600.0,0.0002,True
1741633407600,77600.01,0.0006,False
1741633407621,77600.01,0.01908,False
1741633407677,77600.01,0.00011,False
1741633407691,77600.01,0.013,False
1741633407721,77600.01,0.01459,False
1741633407721,77600.01,0.1053,False
1741633407721,77600.01,0.12487,False
1741633407809,77600.0,0.04,True
1741633407840,77600.0,0.00322,True
1741633408045,77600.0,0.184,True
1741633408046,77600.0,0.0134,True
1741633408047,77600.0,0.02509,True
1741633408047,77600.0,0.01014,True
1741633408047,77600.0,0.01727,True
1741633408048,77600.0,0.06896,True
1741633408048,77600.0,0.08233,True
1741633408048,77600.0,0.0001,True
1741633408050,77600.0,0.4618,True
1741633408052,77600.0,0.06,True
1741633408053,77600.0,0.5071,True
1741633408055,77600.0,0.01397,True
1741633408078,77600.0,0.02434,True
1741633408103,77600.01,0.00119,False
1741633408183,77600.0,2.48384,True
1741633408183,77600.0,0.01932,True
1741633408183,77600.0,0.00064,True
1741633408183,77600.0,0.00257,True
1741633408183,77600.0,0.02974,True
1741633408183,77600.0,0.00386,True
1741633408183,77600.0,7e-05,True
1741633408183,77600.0,7e-05,True
1741633408183,77600.0,0.00013,True
1741633408183,77600.0,7e-05,True
1741633408183,77600.0,0.00096,True
1741633408183,77600.0,7e-05,True
1741633408183,77600.0,7e-05,True
1741633408183,77600.0,7e-05,True
1741633408183,77600.0,0.0001,True
1741633408183,77599.99,0.00022,True
1741633408183,77599.99,0.00013,True
1741633408183,77599.99,0.00013,True
1741633408183,77599.99,7e-05,True
1741633408183,77599.99,7e-05,True
1741633408183,77599.99,7e-05,True
1741633408183,77599.99,7e-05,True
1741633408183,77599.99,7e-05,True
1741633408183,77599.98,8e-05,True
1741633408183,77599.98,7e-05,True
1741633408183,77599.98,7e-05,True
1741633408183,77599.98,0.22701,True
1741633408183,77599.94,7e-05,True
1741633408183,77599.94,7e-05,True
1741633408183,77599.93,7e-05,True
1741633408183,77599.93,7e-05,True
1741633408183,77599.92,7e-05,True
1741633408183,77599.91,7e-05,True
1741633408183,77599.9,0.10307,True
1741633408183,77599.9,7e-05,True
1741633408183,77598.15,0.00045,True
1741633408183,77598.12,0.00024,True
1741633408183,77598.12,0.00014,True
1741633408183,77598.12,0.0002,True
1741633408183,77598.12,0.00014,True
1741633408183,77598.12,0.00014,True
1741633408183,77598.11,0.00016,True
1741633408183,77598.11,0.00021,True
1741633408183,77598.0,0.0005,True
1741633408183,77598.0,0.00087,True
1741633408183,77597.31,0.00037,True
1741633408183,77597.3,0.00014,True
1741633408183,77596.62,0.0007,True
1741633408183,77596.62,0.00013,True
1741633408183,77596.6,0.00483,True
1741633408184,77596.6,7e-05,True
1741633408188,77596.0,0.002,True
1741633408188,77595.54,8e-05,True
1741633408194,77595.54,7e-05,True
1741633408194,77595.54,7e-05,True
1741633408194,77594.64,7e-05,True
1741633408194,77594.64,7e-05,True
1741633408195,77594.65,8e-05,False
1741633408200,77593.61,0.00025,True
1741633408200,77593.01,0.00024,True
1741633408200,77593.01,0.00027,True
1741633408200,77593.01,0.00065,True
1741633408200,77593.01,0.00026,True
1741633408200,77593.01,0.00026,True
1741633408200,77592.99,0.00013,True
1741633408200,77592.99,7e-05,True
1741633408200,77592.99,7e-05,True
1741633408200,77592.98,0.00013,True
1741633408200,77592.98,7e-05,True
1741633408200,77592.98,7e-05,True
1741633408200,77592.29,0.0001,True
1741633408200,77592.29,7e-05,True
1741633408200,77592.06,0.00016,True
1741633408200,77592.01,7e-05,True
1741633408200,77592.01,7e-05,True
1741633408200,77592.01,0.00016,True
1741633408200,77592.01,7e-05,True
1741633408200,77592.0,0.002,True
1741633408200,77592.0,7e-05,True
1741633408200,77591.93,7e-05,True
1741633408200,77591.93,7e-05,True
1741633408200,77591.93,7e-05,True
1741633408200,77591.92,0.00121,True
1741633408202,77591.92,0.00092,True
1741633408206,77591.92,8e-05,True
1741633408212,77591.92,0.00081,True
1741633408212,77591.92,7e-05,True
1741633408212,77591.92,7e-05,True
1741633408212,77591.92,7e-05,True
1741633408212,77591.92,7e-05,True
1741633408212,77591.92,7e-05,True
1741633408212,77591.92,7e-05,True
1741633408212,77591.0,0.00013,True
1741633408212,77591.0,7e-05,True
1741633408212,77591.0,7e-05,True
1741633408212,77590.01,0.00015,True
1741633408212,77589.41,9e-05,True
1741633408212,77589.41,7e-05,True
1741633408212,77589.41,7e-05,True
1741633408212,77589.04,0.00021,True
1741633408212,77589.03,0.00013,True
1741633408212,77589.03,7e-05,True
1741633408212,77589.03,7e-05,True
1741633408212,77588.83,7e-05,True
1741633408212,77588.83,7e-05,True
1741633408212,77588.83,7e-05,True
1741633408212,77588.83,7e-05,True
1741633408212,77588.83,7e-05,True
1741633408212,77588.82,0.003,True
1741633408212,77588.82,7e-05,True
1741633408212,77588.78,0.00011,True
1741633408212,77588.78,7e-05,True
1741633408212,77588.27,0.00022,True
1741633408212,77588.24,0.00021,True
1741633408212,77588.23,0.00155,True
1741633408212,77588.23,7e-05,True
1741633408212,77588.0,0.002,True
1741633408212,77588.0,0.014,True
1741633408212,77587.56,0.00111,True
1741633408212,77587.55,7e-05,True
1741633408212,77587.38,0.0022,True
1741633408212,77587.24,0.00032,True
1741633408212,77586.72,7e-05,True
1741633408212,77586.72,7e-05,True
1741633408212,77586.72,7e-05,True
1741633408212,77586.71,0.003,True
1741633408212,77586.62,0.00013,True
1741633408212,77586.6,7e-05,True
1741633408212,77586.6,7e-05,True
1741633408212,77586.6,7e-05,True
1741633408212,77586.59,0.00666,True
1741633408212,77586.37,0.0001,True
1741633408212,77586.2,8e-05,True
1741633408212,77586.0,0.014,True
1741633408212,77585.64,0.00014,True
1741633408212,77585.31,0.001,True
1741633408212,77584.63,0.00013,True
1741633408212,77584.61,8e-05,True
1741633408212,77584.0,0.002,True
1741633408212,77583.83,0.00013,True
1741633408212,77583.73,0.00012,True
1741633408212,77583.13,0.00056,True
1741633408212,77583.13,0.00056,True
1741633408215,77583.13,8e-05,False
1741633408223,77582.64,8e-05,True
1741633408226,77582.65,0.00222,False
1741633408230,77582.65,0.00103,False
1741633408235,77582.65,0.00041,False
1741633408252,77582.65,0.0001,False
1741633408252,77582.65,0.00116,False
1741633408314,77582.65,0.01288,False
1741633408369,77582.65,0.0002,False
1741633408463,77582.64,0.00743,True
1741633408503,77582.65,0.0003,False
1741633408530,77582.64,0.0002,True
1741633408533,77582.65,7e-05,False
1741633408533,77582.65,3e-05,False
1741633408594,77582.64,0.01056,True
1741633408633,77582.64,0.00014,True
1741633408692,77582.65,4e-05,False
1741633408692,77582.65,7e-05,False
1741633408692,77582.65,7e-05,False
1741633408692,77582.65,0.0011,False
1741633408871,77582.65,0.01092,False
1741633408889,77582.65,0.00128,False
1741633408947,77582.65,0.00068,False
1741633409008,77582.65,0.00081,False
1741633409025,77582.64,0.00022,True
1741633409031,77582.65,0.00128,False
1741633409112,77582.65,0.10303,False
1741633409154,77582.65,0.00013,False
1741633409154,77582.65,7e-05,False
1741633409154,77582.65,7e-05,False
1741633409154,77582.65,6e-05,False
1741633409306,77582.64,0.00039,True
1741633409318,77582.64,6e-05,True
1741633409318,77582.64,0.00419,True
1741633409319,77582.64,0.00241,True
1741633409319,77582.64,0.0001,True
1741633409319,77582.64,7e-05,True
1741633409319,77582.64,7e-05,True
1741633409319,77582.64,7e-05,True
1741633409319,77582.64,0.00079,True
1741633409319,77582.64,0.00074,True
1741633409319,77582.64,4e-05,True
1741633409319,77582.64,0.00052,True
1741633409319,77582.64,0.00014,True
1741633409319,77582.64,0.00052,True
1741633409323,77582.64,0.00188,True
1741633409329,77582.65,1e-05,False
1741633409329,77582.65,7e-05,False
1741633409329,77582.65,7e-05,False
1741633409329,77582.65,7e-05,False
1741633409329,77582.65,0.00012,False
1741633409329,77582.65,0.00051,False
1741633409329,77582.65,0.00457,False
1741633409329,77582.65,7e-05,False
1741633409329,77582.65,7e-05,False
1741633409329,77582.65,0.00014,False
1741633409329,77582.65,0.0001,False
1741633409329,77582.65,0.07747,False
1741633409329,77582.65,0.45,False
1741633409329,77582.65,0.02197,False
1741633409329,77582.65,0.01899,False
1741633409329,77582.66,0.00014,False
1741633409329,77582.66,0.00013,False
1741633409329,77582.66,7e-05,False
1741633409329,77582.66,7e-05,False
1741633409329,77582.75,7e-05,False
1741633409329,77582.75,7e-05,False
1741633409329,77582.77,7e-05,False
1741633409329,77582.77,7e-05,False
1741633409329,77582.77,0.00054,False
1741633409329,77582.78,7e-05,False
1741633409329,77582.78,7e-05,False
1741633409329,77582.79,7e-05,False
1741633409329,77582.8,7e-05,False
1741633409329,77582.81,7e-05,False
1741633409329,77582.96,9e-05,False
1741633409329,77583.13,0.00101,False
1741633409329,77583.82,7e-05,False
1741633409329,77583.98,7e-05,False
1741633409329,77583.98,7e-05,False
1741633409329,77583.98,7e-05,False
1741633409329,77583.99,7e-05,False
1741633409329,77583.99,7e-05,False
1741633409329,77583.99,0.00958,False
1741633409329,77583.99,0.00349,False
1741633409329,77583.99,7e-05,False
1741633409329,77584.8,0.00031,False
1741633409329,77584.8,0.00113,False
1741633409329,77584.8,0.00094,False
1741633409329,77585.99,7e-05,False
1741633409329,77585.99,7e-05,False
1741633409329,77585.99,7e-05,False
1741633409329,77587.64,0.00021,False
1741633409329,77587.64,0.00025,False
1741633409329,77587.99,7e-05,False
1741633409329,77587.99,7e-05,False
1741633409329,77587.99,7e-05,False
1741633409329,77588.69,8e-05,False
1741633409329,77588.69,7e-05,False
1741633409329,77588.7,7e-05,False
1741633409329,77588.7,7e-05,False
1741633409329,77588.7,0.00289,False
1741633409330,77588.7,0.03045,False
1741633409330,77588.7,0.13086,False
1741633409330,77588.71,0.04775,False
1741633409330,77590.41,0.45,False
1741633409330,77591.48,0.00187,False
1741633409330,77592.2,7e-05,False
1741633409330,77592.21,0.04738,False
1741633409330,77592.24,0.00014,False
1741633409330,77592.34,7e-05,False
1741633409330,77592.35,0.12916,False
1741633409330,77592.36,0.34673,False
1741633409330,77592.65,0.001,False
1741633409330,77593.19,0.00785,False
1741633409330,77593.5,0.00745,False
1741633409330,77593.53,0.00255,False
1741633409330,77593.53,0.04021,False
1741633409330,77594.28,0.00821,False
1741633409330,77594.28,0.00467,False
1741633409330,77594.64,0.00023,False
1741633409330,77594.92,0.04928,False
1741633409330,77596.15,0.00502,False
1741633409330,77596.26,0.04758,False
1741633409330,77598.15,0.1351,False
1741633409330,77598.15,0.17593,False
1741633409330,77598.33,0.00014,False
1741633409330,77599.67,0.00064,False
1741633409330,77599.86,0.00032,False
1741633409330,77599.93,0.45,False
1741633409330,77600.0,0.02133,False
1741633409330,77600.0,0.04789,False
1741633409330,77600.01,0.00303,False
1741633409331,77592.35,0.00132,True
1741633409331,77601.62,0.00014,False
1741633409331,77601.95,0.009,False
1741633409331,77602.29,0.04773,False
1741633409331,77602.9,0.00503,False
1741633409331,77603.26,0.00502,False
1741633409331,77603.88,0.00014,False
1741633409331,77603.97,0.28942,False
1741633409331,77604.01,0.04562,False
1741633409331,77604.31,0.00766,False
1741633409331,77605.7,0.00014,False
1741633409331,77607.05,0.77264,False
1741633409331,77607.2,0.00163,False
1741633409331,77607.5,0.00393,False
1741633409331,77607.76,0.31748,False
1741633409331,77607.77,0.003,False
1741633409331,77608.18,0.00193,False
1741633409331,77608.76,0.0001,False
1741633409331,77608.85,0.04566,False
1741633409331,77609.7,0.00014,False
1741633409331,77609.74,0.05049,False
1741633409331,77609.91,0.77264,False
1741633409331,77610.0,0.45,False
1741633409331,77610.54,0.02,False
1741633409331,77610.54,0.04,False
1741633409331,77611.74,0.00014,False
1741633409331,77611.93,0.00065,False
1741633409331,77611.98,0.15146,False
1741633409331,77612.01,0.00947,False
1741633409331,77612.3,0.00014,False
1741633409331,77613.88,0.04772,False
1741633409331,77614.01,0.00014,False
1741633409331,77614.14,0.08,False
1741633409331,77615.52,0.90491,False
1741633409332,77594.42,0.85098,False
1741633409332,77615.52,0.49768,False
1741633409332,77615.53,0.06438,False
1741633409332,77616.0,0.00126,False
1741633409332,77616.51,0.0001,False
1741633409332,77617.19,0.77264,False
1741633409332,77617.46,0.00014,False
1741633409332,77617.94,0.04737,False
1741633409332,77618.83,0.001,False
1741633409332,77619.0,0.16,False
1741633409332,77619.4,0.02535,False
1741633409332,77619.66,0.58438,False
1741633409332,77619.67,0.28857,False
1741633409333,77619.67,0.16143,False
1741633409333,77619.71,0.00014,False
1741633409333,77620.0,0.10307,False
1741633409333,77621.23,0.00334,False
1741633409333,77621.86,0.00014,False
1741633409333,77623.07,0.04771,False
1741633409333,77623.84,0.08739,False
1741633409333,77623.95,0.00014,False
1741633409333,77624.26,0.0001,False
1741633409333,77624.26,0.0001,False
1741633409333,77624.4,0.04,False
1741633409333,77624.87,0.00064,False
1741633409334,77625.74,0.00014,False
1741633409334,77626.37,0.0947,False
1741633409334,77627.13,0.04481,False
1741633409334,77627.45,0.02035,False
1741633409334,77627.45,0.04,False
1741633409334,77627.45,0.08,False
1741633409335,77627.45,0.055,False
1741633409335,77602.44,7e-05,False
1741633409342,77609.7,0.00056,False
1741633409346,77609.73,0.00114,False
1741633409346,77609.82,0.00055,False
1741633409346,77612.76,0.02,False
1741633409346,77619.67,0.01348,False
1741633409346,77619.67,0.02057,False
1741633409352,77611.47,0.0184,False
1741633409354,77611.47,0.039,False
1741633409370,77611.01,0.001,False
1741633409370,77611.47,0.004,False
1741633409372,77611.69,0.0012,False
1741633409372,77611.69,0.00085,False
1741633409372,77614.0,0.00393,False
1741633409382,77614.0,0.01,False
1741633409387,77613.24,0.00389,False
1741633409418,77616.23,0.00012,False
1741633409422,77616.22,0.0349,True
1741633409424,77616.22,0.01338,True
1741633409452,77616.22,0.0001,True
1741633409455,77616.22,0.01126,True
1741633409471,77616.22,0.02221,True
1741633409472,77616.22,0.01892,True
1741633409472,77616.22,0.01673,True
1741633409473,77616.22,0.01412,True
1741633409474,77616.22,0.00585,True
1741633409474,77616.22,0.00377,True
1741633409474,77616.22,0.039,True
1741633409474,77616.22,0.0313,True
1741633409474,77616.22,0.01404,True
1741633409474,77616.22,0.02326,True
1741633409476,77616.22,0.01587,True
1741633409476,77616.22,0.00598,True
1741633409477,77616.22,0.00264,True
1741633409477,77616.22,7e-05,True
1741633409477,77616.22,7e-05,True
1741633409477,77616.22,7e-05,True
1741633409477,77616.22,7e-05,True
1741633409477,77616.22,7e-05,True
1741633409477,77616.22,7e-05,True
1741633409477,77616.22,0.0001,True
1741633409477,77616.22,0.01711,True
1741633409478,77616.22,0.0141,True
1741633409506,77616.22,0.00116,True
1741633409508,77616.22,0.30913,True
1741633409508,77616.22,0.068,True
1741633409508,77616.22,0.0001,True
1741633409508,77616.22,7e-05,True
1741633409508,77616.22,7e-05,True
1741633409508,77616.22,7e-05,True
1741633409508,77616.22,7e-05,True
1741633409508,77616.22,0.0001,True
1741633409508,77616.22,0.0001,True
1741633409508,77616.22,7e-05,True
1741633409508,77616.22,7e-05,True
1741633409508,77616.22,0.00063,True
1741633409508,77616.22,7e-05,True
1741633409508,77616.22,7e-05,True
1741633409508,77616.22,0.00191,True
1741633409508,77616.22,0.0001,True
1741633409508,77616.22,7e-05,True
1741633409508,77616.22,7e-05,True
1741633409508,77616.22,7e-05,True
1741633409508,77616.22,0.0001,True
1741633409508,77616.22,0.0001,True
1741633409508,77616.22,0.08631,True
1741633409508,77616.22,0.04368,True
1741633409508,77616.22,0.0686,True
1741633409508,77616.22,0.00077,True
1741633409508,77616.22,8e-05,True
1741633409508,77616.21,0.00014,True
1741633409508,77616.21,7e-05,True
1741633409508,77616.16,0.00013,True
1741633409508,77616.16,7e-05,True
1741633409508,77616.16,7e-05,True
1741633409508,77616.1,7e-05,True
1741633409508,77616.02,7e-05,True
1741633409508,77616.0,7e-05,True
1741633409508,77616.0,7e-05,True
1741633409508,77615.99,7e-05,True
1741633409508,77615.77,7e-05,True
1741633409508,77615.77,7e-05,True
1741633409508,77615.77,7e-05,True
1741633409508,77615.77,7e-05,True
1741633409510,77615.76,0.3787,True
1741633409511,77615.76,0.02363,True
1741633409511,77615.64,7e-05,True
1741633409511,77614.09,7e-05,True
1741633409513,77615.64,7e-05,True
1741633409513,77614.09,7e-05,True
1741633409513,77614.0,0.07716,True
1741633409529,77613.4,7e-05,True
1741633409529,77613.4,7e-05,True
1741633409529,77613.4,7e-05,True
1741633409529,77613.4,0.0001,True
1741633409529,77613.4,0.0001,True
1741633409529,77613.4,0.0001,True
1741633409529,77613.4,0.02172,True
1741633409529,77613.4,0.00011,True
1741633409529,77613.4,0.02213,True
1741633409529,77613.4,0.00293,True
1741633409529,77613.4,0.12118,True
1741633409529,77613.4,0.01527,True
1741633409529,77613.4,0.01,True
1741633409532,77613.4,0.08138,True
1741633409532,77613.4,0.06646,True
1741633409532,77613.4,0.03054,True
1741633409533,77613.4,0.01486,True
1741633409533,77613.4,0.0327,True
1741633409533,77613.4,0.05623,True
1741633409533,77613.4,0.01308,True
1741633409533,77613.4,0.02365,True
1741633409533,77613.4,0.00891,True
1741633409533,77613.4,0.00165,True
1741633409533,77613.4,7e-05,True
1741633409533,77613.4,0.0001,True
1741633409533,77613.4,0.0001,True
1741633409533,77613.4,0.0001,True
1741633409533,77613.4,7e-05,True
1741633409533,77613.4,7e-05,True
1741633409533,77613.39,0.04398,True
1741633409533,77613.39,0.03332,True
1741633409533,77613.39,7e-05,True
1741633409533,77612.9,7e-05,True
1741633409533,77612.9,7e-05,True
1741633409533,77612.9,7e-05,True
1741633409533,77612.9,0.00013,True
1741633409533,77612.9,7e-05,True
1741633409533,77612.89,0.0773,True
1741633409533,77612.89,7e-05,True
1741633409533,77611.7,7e-05,True
1741633409533,77611.7,7e-05,True
1741633409533,77611.7,7e-05,True
1741633409536,77611.49,7e-05,True
1741633409536,77611.49,7e-05,True
1741633409536,77611.49,6e-05,True
1741633409541,77611.49,7e-05,True
1741633409541,77611.49,0.01608,True
1741633409541,77611.49,0.0001,True
1741633409541,77611.49,0.02331,True
1741633409547,77611.49,0.01261,True
1741633409547,77611.49,0.00039,True
1741633409547,77611.49,0.01472,True
1741633409551,77611.49,0.19487,True
1741633409551,77611.49,0.13479,True
1741633409551,77611.49,0.0001,True
1741633409551,77611.49,0.20797,True
1741633409551,77611.49,0.0001,True
1741633409551,77611.49,0.0001,True
1741633409551,77611.48,7e-05,True
1741633409551,77611.45,0.00014,True
1741633409553,77611.01,7e-05,True
1741633409553,77611.01,7e-05,True
1741633409553,77611.01,7e-05,True
1741633409553,77611.01,0.0001,True
1741633409553,77611.01,0.0001,True
1741633409553,77611.01,0.0001,True
1741633409553,77611.01,7e-05,True
1741633409553,77611.0,0.04775,True
1741633409553,77611.0,7e-05,True
1741633409555,77609.69,0.00013,True
1741633409563,77609.69,0.0001,True
1741633409563,77609.69,0.0001,True
1741633409563,77609.69,0.0001,True
1741633409563,77609.69,6e-05,True
1741633409563,77609.69,1e-05,True
1741633409563,77608.23,0.00017,True
1741633409563,77607.8,0.0001,True
1741633409563,77607.77,9e-05,True
1741633409563,77607.77,7e-05,True
1741633409563,77607.77,7e-05,True
1741633409563,77607.77,7e-05,True
1741633409611,77607.76,0.0001,True
1741633409611,77607.76,0.0001,True
1741633409611,77607.76,0.0001,True
1741633409611,77607.75,0.00014,True
1741633409611,77606.69,7e-05,True
1741633409611,77606.69,7e-05,True
1741633409611,77606.69,7e-05,True
1741633409612,77606.68,7e-05,True
1741633409612,77606.68,7e-05,True
1741633409612,77606.68,0.21866,True
1741633409615,77606.68,7e-05,True
1741633409615,77606.68,0.0001,True
1741633409615,77606.68,0.0001,True
1741633409615,77606.68,0.0001,True
1741633409615,77604.77,0.00017,True
1741633409615,77604.77,0.00015,True
1741633409615,77604.0,7e-05,True
1741633409617,77603.86,0.00494,True
1741633409619,77603.86,0.0095,True
1741633409619,77603.86,0.0001,True
1741633409619,77603.86,0.0001,True
1741633409619,77603.86,0.0001,True
1741633409619,77603.86,0.00464,True
1741633409619,77603.86,0.01,True
1741633409624,77603.86,0.0001,True
1741633409624,77603.86,0.0001,True
1741633409624,77603.86,0.0001,True
1741633409624,77603.86,0.0001,True
1741633409624,77603.7,7e-05,True
1741633409624,77603.7,7e-05,True
1741633409624,77603.7,7e-05,True
1741633409624,77603.69,0.02319,True
1741633409652,77603.69,0.0001,True
1741633409652,77603.69,0.0001,True
1741633409652,77603.69,0.0001,True
1741633409652,77603.69,7e-05,True
1741633409652,77603.61,0.00013,True
1741633409652,77603.61,7e-05,True
1741633409652,77601.87,0.00014,True
1741633409652,77601.87,0.00014,True
1741633409652,77601.87,7e-05,True
1741633409652,77601.29,7e-05,True
1741633409652,77601.29,7e-05,True
1741633409652,77601.29,7e-05,True
1741633409652,77601.29,7e-05,True
1741633409837,77598.34,7e-05,False
1741633409837,77598.34,5e-05,False
1741633409889,77598.34,2e-05,False
1741633409889,77598.34,7e-05,False
1741633409889,77598.34,7e-05,False
1741633409889,77598.34,7e-05,False
1741633409889,77598.34,7e-05,False
1741633409889,77598.34,7e-05,False
1741633409889,77598.34,7e-05,False
1741633409889,77598.34,7e-05,False
1741633409889,77598.34,7e-05,False
1741633409889,77598.34,7e-05,False
1741633409889,77598.34,0.00083,False
1741633409889,77598.34,0.00014,False
1741633409889,77598.34,7e-05,False
1741633409889,77598.34,7e-05,False
1741633409889,77598.34,0.00053,False
1741633409889,77598.34,0.00754,False
1741633409889,77598.34,7e-05,False
1741633409889,77598.34,7e-05,False
1741633409889,77598.34,7e-05,False
1741633409889,77598.34,0.00226,False
1741633409889,77598.34,0.00102,False
1741633409889,77598.34,0.0001,False
1741633409889,77598.34,0.0001,False
1741633409889,77598.35,0.00014,False
1741633409889,77598.35,0.00014,False
1741633409889,77598.35,7e-05,False
1741633409889,77598.47,0.00014,False
1741633409889,77598.47,7e-05,False
1741633409889,77598.51,0.00053,False
1741633409889,77598.51,7e-05,False
1741633409889,77598.56,7e-05,False
1741633409889,77598.56,7e-05,False
1741633409889,77601.26,7e-05,False
1741633409889,77601.26,7e-05,False
1741633409889,77601.26,7e-05,False
1741633409889,77603.86,9e-05,False
1741633409889,77603.86,9e-05,False
1741633409895,77606.67,0.001,True
1741633409927,77606.68,0.00273,False
1741633409930,77606.68,3e-05,False
1741633409995,77606.68,0.0007,False
1741633410060,77606.68,7e-05,False
1741633410060,77606.68,7e-05,False
1741633410060,77606.68,7e-05,False
1741633410060,77606.68,7e-05,False
1741633410060,77606.68,7e-05,False
1741633410060,77606.68,7e-05,False
1741633410060,77606.68,0.00013,False
1741633410060,77606.68,7e-05,False
1741633410060,77606.68,0.00042,False
1741633410060,77606.68,7e-05,False
1741633410060,77606.68,7e-05,False
1741633410060,77606.68,0.0001,False
1741633410060,77606.68,0.0001,False
1741633410060,77606.68,0.00014,False
1741633410060,77606.68,0.00014,False
1741633410060,77606.69,7e-05,False
1741633410060,77606.69,7e-05,False
1741633410060,77606.69,0.00033,False
1741633410060,77606.69,7e-05,False
1741633410060,77606.69,0.00013,False
1741633410060,77606.69,7e-05,False
1741633410060,77606.7,0.00157,False
1741633410060,77606.7,7e-05,False
1741633410060,77606.82,0.00013,False
1741633410060,77606.82,7e-05,False
1741633410060,77606.83,0.00051,False
1741633410060,77606.83,7e-05,False
1741633410060,77607.09,7e-05,False
1741633410060,77607.69,7e-05,False
1741633410060,77607.69,7e-05,False
1741633410060,77607.69,7e-05,False
1741633410060,77607.84,0.001,False
1741633410060,77608.76,0.0001,False
1741633410060,77609.7,0.00127,False
1741633410061,77610.58,0.32324,False
1741633410061,77610.58,0.02349,False
1741633410062,77611.99,0.00432,True
1741633410063,77613.38,0.00014,False
1741633410063,77615.41,0.00032,False
1741633410063,77615.72,7e-05,False
1741633410063,77615.72,7e-05,False
1741633410063,77615.72,7e-05,False
1741633410063,77615.73,0.18096,False
1741633410063,77615.73,0.11224,False
1741633410064,77615.73,0.02915,False
1741633410065,77615.73,0.01,False
1741633410065,77615.73,0.005,False
1741633410117,77615.72,0.00027,True
1741633410151,77615.72,0.0146,True
1741633410170,77615.72,0.00017,True
1741633410175,77615.72,0.00017,True
1741633410207,77615.72,0.00017,True
1741633410210,77615.72,0.00017,True
1741633410233,77615.73,7e-05,False
1741633410233,77615.73,0.0001,False
1741633410233,77615.73,0.0001,False
1741633410233,77615.73,7e-05,False
1741633410233,77615.73,7e-05,False
1741633410233,77615.73,0.00014,False
1741633410233,77615.73,7e-05,False
1741633410233,77615.73,0.00052,False
1741633410233,77615.73,7e-05,False
1741633410233,77615.74,0.00014,False
1741633410233,77615.74,0.00045,False
1741633410233,77615.74,7e-05,False
1741633410233,77615.74,0.00014,False
1741633410233,77615.75,7e-05,False
1741633410233,77615.75,7e-05,False
1741633410233,77615.75,7e-05,False
1741633410233,77615.75,7e-05,False
1741633410233,77615.76,7e-05,False
1741633410233,77615.76,7e-05,False
1741633410233,77615.76,0.00045,False
1741633410233,77615.76,0.00045,False
1741633410233,77615.76,0.00045,False
1741633410233,77615.76,7e-05,False
1741633410233,77615.76,8e-05,False
1741633410233,77615.76,7e-05,False
1741633410233,77615.77,0.02721,False
1741633410234,77615.77,0.01277,False
1741633410235,77615.77,0.0074,False
1741633410235,77615.77,7e-05,False
1741633410235,77615.86,0.00056,False
1741633410235,77616.09,7e-05,False
1741633410235,77616.09,7e-05,False
1741633410235,77616.09,9e-05,False
1741633410235,77616.09,7e-05,False
1741633410235,77616.1,0.02721,False
1741633410235,77616.1,0.0125,False
1741633410235,77616.1,0.00767,False
1741633410242,77619.75,9e-05,True
1741633410242,77619.75,8e-05,True
1741633410243,77619.76,0.0002,False
1741633410243,77619.76,0.00055,False
1741633410243,77619.98,0.00021,False
1741633410243,77619.98,0.00021,False
1741633410243,77619.98,0.00021,False
1741633410243,77619.99,7e-05,False
1741633410243,77619.99,0.00058,False
1741633410243,77620.12,0.00055,False
1741633410243,77620.29,0.001,False
1741633410243,77623.08,0.00014,False
1741633410243,77624.55,8e-05,False
1741633410243,77625.74,0.00016,False
1741633410243,77625.91,0.00014,False
1741633410243,77627.87,0.0001,False
1741633410243,77627.87,7e-05,False
1741633410243,77627.87,7e-05,False
1741633410243,77627.87,7e-05,False
1741633410243,77627.88,0.00059,False
1741633410243,77627.88,0.005,False
1741633410244,77627.87,0.00017,True
1741633410254,77627.88,8e-05,False
1741633410301,77627.88,0.0001,False
1741633410301,77627.88,0.0001,False
1741633410301,77627.88,0.00058,False
1741633410301,77627.89,0.0004,False
1741633410301,77627.89,0.00014,False
1741633410301,77628.01,0.00055,False
1741633410301,77628.7,7e-05,False
1741633410301,77628.7,7e-05,False
1741633410301,77628.7,7e-05,False
1741633410301,77628.71,7e-05,False
1741633410301,77628.71,4e-05,False
1741633410301,77628.71,0.00045,False
1741633410301,77628.71,0.00044,False
1741633410301,77628.71,0.00044,False
1741633410301,77628.71,0.0005,False
1741633410301,77628.97,7e-05,False
1741633410301,77628.97,7e-05,False
1741633410301,77628.97,7e-05,False
1741633410301,77628.98,0.00202,False
1741633410301,77631.95,7e-05,False
1741633410301,77631.95,7e-05,False
1741633410301,77631.95,7e-05,False
1741633410301,77631.96,0.00215,False
1741633410303,77631.96,0.00195,False
1741633410309,77631.95,0.00026,True
1741633410313,77631.95,0.0001,True
1741633410321,77631.96,0.00105,False
1741633410337,77631.96,0.10127,False
1741633410337,77631.96,0.0001,False
1741633410337,77631.96,0.0001,False
1741633410337,77631.96,0.01025,False
1741633410337,77631.96,7e-05,False
1741633410337,77631.96,7e-05,False
1741633410337,77631.96,7e-05,False
1741633410337,77631.96,7e-05,False
1741633410337,77631.96,7e-05,False
1741633410337,77631.97,0.0002,False
1741633410337,77631.97,7e-05,False
1741633410337,77632.01,0.0001,False
1741633410337,77632.09,9e-05,False
1741633410337,77632.09,0.00042,False
1741633410337,77632.4,7e-05,False
1741633410337,77632.4,7e-05,False
1741633410337,77632.4,7e-05,False
1741633410337,77632.41,0.00307,False
1741633410337,77632.5,0.00014,False
1741633410337,77634.25,7e-05,False
1741633410337,77634.56,7e-05,False
1741633410337,77634.56,7e-05,False
1741633410337,77634.56,7e-05,False
1741633410368,77634.57,0.00029,False
1741633410368,77634.57,0.00029,False
1741633410368,77634.57,0.00029,False
1741633410368,77634.57,0.0001,False
1741633410368,77634.57,0.0001,False
1741633410368,77634.57,0.00793,False
1741633410368,77634.57,0.01,False
1741633410368,77634.57,0.009,False
1741633410368,77634.57,0.009,False
1741633410368,77634.57,0.009,False
1741633410375,77634.57,0.00161,False
1741633410375,77634.57,0.00122,False
1741633410382,77634.56,0.00361,True
1741633410385,77634.56,0.00227,True
1741633410385,77634.56,0.00525,True
1741633410388,77634.57,0.09616,False
1741633410388,77634.57,0.26682,False
1741633410388,77634.57,0.00844,False
1741633410388,77634.57,0.01562,False
1741633410388,77634.57,0.01638,False
1741633410388,77634.57,0.0001,False
1741633410388,77634.57,0.00013,False
1741633410388,77634.58,0.00013,False
1741633410388,77635.03,7e-05,False
1741633410388,77635.03,7e-05,False
1741633410388,77635.03,0.00013,False
1741633410388,77635.03,7e-05,False
1741633410390,77635.8,7e-05,False
1741633410390,77637.95,0.0008,False
1741633410390,77638.13,7e-05,False
1741633410390,77638.76,0.00013,False
1741633410390,77638.77,0.00021,False
1741633410395,77638.77,5e-05,False
1741633410395,77638.77,0.00051,False
1741633410395,77638.78,0.00014,False
1741633410395,77639.5,0.00025,False
1741633410395,77639.5,0.00025,False
1741633410395,77638.9,0.00057,False
1741633410398,77639.43,0.00139,False
1741633410398,77639.76,0.0001,False
1741633410398,77639.82,7e-05,False
1741633410398,77639.82,7e-05,False
1741633410398,77639.82,7e-05,False
1741633410398,77639.83,0.11216,False
1741633410413,77639.83,0.00035,False
1741633410413,77639.83,7e-05,False
1741633410413,77639.83,0.00026,False
1741633410413,77639.83,7e-05,False
1741633410413,77639.83,7e-05,False
1741633410413,77639.83,7e-05,False
1741633410413,77639.83,7e-05,False
1741633410413,77639.83,7e-05,False
1741633410413,77639.84,0.00013,False
1741633410413,77639.96,0.00052,False
1741633410413,77639.99,7e-05,False
1741633410413,77639.99,7e-05,False
1741633410413,77639.99,7e-05,False
1741633410413,77639.99,7e-05,False
1741633410413,77640.0,0.03604,False
1741633410415,77640.0,0.067,False
1741633410418,77640.0,7e-05,False
1741633410418,77640.0,0.00577,False
1741633410418,77640.01,0.00027,False
1741633410418,77640.13,0.00054,False
1741633410422,77640.31,0.00087,False
1741633410424,77641.47,7e-05,False
1741633410424,77641.47,7e-05,False
1741633410424,77641.47,7e-05,False
1741633410424,77641.48,0.009,False
1741633410484,77641.78,0.00015,False
1741633410487,77641.78,0.00037,False
1741633410538,77641.78,0.00019,True
1741633410544,77641.79,9e-05,False
1741633410544,77641.79,0.00014,False
1741633410544,77641.79,0.0009,False
1741633410545,77641.79,0.00113,False
1741633410556,77641.79,0.00173,False
1741633410556,77641.79,0.00179,False
1741633410604,77641.79,0.00026,False
1741633410618,77641.79,0.00386,False
1741633410618,77641.79,0.00386,False
1741633410689,77641.79,0.00101,False
1741633410697,77641.79,0.02028,False
1741633410697,77641.79,0.00057,False
1741633410697,77641.79,0.00332,False
1741633410697,77641.79,7e-05,False
1741633410697,77641.79,7e-05,False
1741633410697,77641.79,7e-05,False
1741633410697,77641.79,7e-05,False
1741633410697,77641.79,7e-05,False
1741633410697,77641.79,0.019,False
1741633410697,77641.79,0.0077,False
1741633410697,77641.79,0.00014,False
1741633410697,77641.79,0.0066,False
1741633410697,77641.79,7e-05,False
1741633410697,77641.79,0.07073,False
1741633410724,77641.79,0.01239,False
1741633410739,77641.79,0.03239,False
1741633410771,77641.78,7e-05,True
1741633410771,77641.78,7e-05,True
1741633410771,77641.78,7e-05,True
1741633410771,77641.78,7e-05,True
1741633410771,77641.78,7e-05,True
1741633410771,77641.78,7e-05,True
1741633410771,77641.78,0.00013,True
1741633410771,77641.78,0.02785,True
1741633410771,77641.78,0.0001,True
1741633410771,77641.78,0.0001,True
1741633410771,77641.78,0.0001,True
1741633410771,77641.77,7e-05,True
1741633410771,77641.77,7e-05,True
1741633410771,77641.77,0.00013,True
1741633410771,77641.77,0.00014,True
1741633410771,77641.76,7e-05,True
1741633410771,77641.76,7e-05,True
1741633410771,77641.71,0.00013,True
1741633410771,77641.71,7e-05,True
1741633410771,77641.71,7e-05,True
1741633410771,77641.17,7e-05,True
1741633410771,77641.17,7e-05,True
1741633410771,77641.16,7e-05,True
1741633410771,77640.58,7e-05,True
1741633410771,77640.46,7e-05,True
1741633410771,77640.46,7e-05,True
1741633410771,77640.01,7e-05,True
1741633410771,77640.01,7e-05,True
1741633410771,77640.01,7e-05,True
1741633410792,77640.01,0.00028,False
1741633410879,77640.01,0.00075,False
1741633410889,77640.0,7e-05,True
1741633410889,77640.0,0.00014,True
1741633410889,77640.0,7e-05,True
1741633410889,77640.0,7e-05,True
1741633410889,77640.0,7e-05,True
1741633410889,77640.0,7e-05,True
1741633410889,77640.0,0.0001,True
1741633410889,77640.0,0.0001,True
1741633410889,77640.0,0.0001,True
1741633410889,77639.99,8e-05,True
1741633410889,77639.99,0.00013,True
1741633410889,77639.99,7e-05,True
1741633410889,77639.99,0.00014,True
1741633410889,77639.89,0.00013,True
1741633410889,77639.89,7e-05,True
1741633410889,77639.69,7e-05,True
1741633410889,77639.69,7e-05,True
1741633410889,77638.14,7e-05,True
1741633410889,77638.01,7e-05,True
1741633410889,77638.01,7e-05,True
1741633410889,77638.01,7e-05,True
1741633410889,77638.01,7e-05,True
1741633410889,77638.0,7e-05,True
1741633410889,77637.0,0.00013,True
1741633410889,77637.0,7e-05,True
1741633410889,77636.02,9e-05,True
1741633410889,77636.01,0.00017,True
1741633410889,77636.01,0.00017,True
1741633410889,77636.01,7e-05,True
1741633410889,77636.01,7e-05,True
1741633410889,77636.01,7e-05,True
1741633410889,77636.0,0.00189,True
1741633410910,77636.01,0.00884,False
1741633410914,77636.0,7e-05,True
1741633410914,77636.0,0.0001,True
1741633410914,77636.0,0.0001,True
1741633410914,77636.0,0.0001,True
1741633410914,77635.99,0.0002,True
1741633410914,77635.99,7e-05,True
1741633410914,77635.04,0.00011,True
1741633410914,77635.04,0.0001,True
1741633410914,77635.04,7e-05,True
1741633410914,77634.59,0.00013,True
1741633410914,77634.59,7e-05,True
1741633410914,77634.01,7e-05,True
1741633410914,77634.01,7e-05,True
1741633410914,77634.01,7e-05,True
1741633410914,77634.01,7e-05,True
1741633410914,77634.0,7e-05,True
1741633410914,77632.1,0.00019,True
1741633410914,77632.01,7e-05,True
1741633410914,77632.01,7e-05,True
1741633410914,77632.01,7e-05,True
1741633410914,77632.0,0.00539,True
1741633410994,77632.01,0.00128,False
1741633411008,77632.0,0.0001,True
1741633411008,77632.0,0.0001,True
1741633411008,77632.0,0.0001,True
1741633411008,77632.0,0.00013,True
1741633411008,77631.99,0.0002,True
1741633411008,77631.15,0.00024,True
1741633411008,77631.15,0.00019,True
1741633411008,77629.01,0.00052,True
1741633411008,77629.01,0.00016,True
1741633411008,77625.44,7e-05,True
1741633411008,77625.44,7e-05,True
1741633411008,77625.44,7e-05,True
1741633411008,77625.43,0.00532,True
1741633411010,77625.44,0.00128,False
1741633411022,77625.44,0.00128,False
1741633411026,77625.44,0.00051,False
1741633411030,77625.44,0.00021,False
1741633411032,77625.44,8e-05,False
1741633411040,77625.43,0.0002,True
1741633411048,77625.44,0.00033,False
1741633411338,77625.43,0.00033,True
1741633411338,77625.43,0.00122,True
1741633411360,77625.44,7e-05,False
1741633411360,77625.44,7e-05,False
1741633411360,77625.44,7e-05,False
1741633411360,77625.44,0.00013,False
1741633411360,77625.44,7e-05,False
1741633411360,77625.44,7e-05,False
1741633411360,77625.44,0.0001,False
1741633411360,77625.44,0.0001,False
1741633411360,77625.44,0.00052,False
1741633411360,77625.45,0.00013,False
1741633411360,77625.45,7e-05,False
1741633411360,77625.45,0.00013,False
1741633411360,77625.54,7e-05,False
1741633411360,77625.61,0.00054,False
1741633411360,77625.61,7e-05,False
1741633411360,77625.62,7e-05,False
1741633411360,77625.64,7e-05,False
1741633411360,77625.64,7e-05,False
1741633411360,77625.64,7e-05,False
1741633411360,77625.65,0.00341,False
1741633411360,77625.71,7e-05,False
1741633411360,77629.99,7e-05,False
1741633411360,77629.99,7e-05,False
1741633411360,77629.99,7e-05,False
1741633411523,77631.97,0.00057,True
1741633411562,77631.97,0.00385,True
1741633411608,77631.98,0.00014,False
1741633411608,77631.98,7e-05,False
1741633411608,77631.98,0.00032,False
1741633411608,77631.98,0.00014,False
1741633411608,77631.98,7e-05,False
1741633411608,77631.98,0.00054,False
1741633411663,77631.98,0.00128,False
1741633411703,77631.98,0.00047,False
1741633411769,77631.98,0.00073,False
1741633411769,77631.98,6e-05,False
1741633411833,77631.98,1e-05,False
1741633411833,77631.98,7e-05,False
1741633411833,77631.98,0.00053,False
1741633411842,77631.98,0.00048,False
1741633411842,77631.98,7e-05,False
1741633411842,77631.98,0.00064,False
1741633411842,77631.98,7e-05,False
1741633411842,77631.98,7e-05,False
1741633411842,77631.98,7e-05,False
1741633411842,77631.98,7e-05,False
1741633411842,77631.98,7e-05,False
1741633411842,77631.98,7e-05,False
1741633411842,77631.98,0.00014,False
1741633411842,77631.98,0.0001,False
1741633411842,77631.98,0.0001,False
1741633411842,77631.99,0.00013,False
1741633411842,77631.99,0.00014,False
1741633411842,77631.99,7e-05,False
1741633411842,77632.0,7e-05,False
1741633411842,77632.09,0.00014,False
1741633411842,77632.7,7e-05,False
1741633411842,77633.96,7e-05,False
1741633411842,77633.96,7e-05,False
1741633411842,77633.96,7e-05,False
1741633411842,77634.25,7e-05,False
1741633411842,77635.99,2e-05,False
1741633411891,77634.02,0.0001,False
1741633411891,77634.02,0.0001,False
1741633411891,77634.02,0.00054,False
1741633411891,77634.03,0.0001,False
1741633411891,77634.03,0.00013,False
1741633411891,77634.15,0.00058,False
1741633411891,77636.96,0.0002,False
1741633411893,77636.96,5e-05,False
1741633411893,77636.96,0.00028,False
1741633411893,77636.96,0.00028,False
1741633411917,77639.73,9e-05,False
1741633411917,77639.73,0.00014,False
1741633411917,77639.73,7e-05,False
1741633411917,77639.73,0.0001,False
1741633411917,77639.73,0.0001,False
1741633411917,77639.73,0.00014,False
1741633411917,77639.73,0.00055,False
1741633411917,77639.73,0.00014,False
1741633411917,77639.73,0.00029,False
1741633411917,77639.86,0.00052,False
1741633411917,77641.67,0.00014,False
1741633411917,77643.99,6e-05,False
1741633412043,77643.98,0.00019,True
1741633412056,77643.99,0.00057,False
1741633412056,77643.99,0.00071,False
1741633412110,77643.99,0.00053,False
1741633412110,77643.99,0.00021,False
1741633412110,77643.99,0.00026,False
1741633412110,77643.99,0.00021,False
1741633412110,77643.99,0.00021,False
1741633412110,77643.99,7e-05,False
1741633412110,77643.99,7e-05,False
1741633412110,77643.99,7e-05,False
1741633412110,77643.99,7e-05,False
1741633412110,77643.99,0.00021,False
1741633412110,77643.99,0.00013,False
1741633412110,77643.99,0.00074,False
1741633412110,77643.99,7e-05,False
1741633412110,77643.99,0.00042,False
1741633412175,77643.98,0.01131,True
1741633412180,77643.98,0.0014,True
1741633412181,77643.98,0.00092,True
1741633412270,77643.98,7e-05,True
1741633412270,77643.98,0.00013,True
1741633412270,77643.98,7e-05,True
1741633412270,77643.98,7e-05,True
1741633412270,77643.98,7e-05,True
1741633412270,77643.98,0.0001,True
1741633412270,77643.98,7e-05,True
1741633412270,77643.98,7e-05,True
1741633412270,77643.98,0.0001,True
1741633412270,77643.98,0.0001,True
1741633412270,77643.98,0.0001,True
1741633412270,77643.98,0.01487,True
1741633412270,77643.98,0.01,True
1741633412402,77643.98,9e-05,True
1741633412498,77643.99,7e-05,False
1741633412498,77643.99,0.00056,False
1741633412498,77643.99,7e-05,False
1741633412498,77643.99,0.00014,False
1741633412498,77643.99,0.01151,False
1741633412498,77643.99,0.03849,False
1741633412498,77643.99,7e-05,False
1741633412498,77643.99,7e-05,False
1741633412498,77643.99,0.001,False
1741633412498,77643.99,7e-05,False
1741633412498,77643.99,7e-05,False
1741633412498,77644.0,0.00013,False
1741633412498,77644.0,0.00014,False
1741633412498,77644.0,0.00014,False
1741633412498,77644.0,7e-05,False
1741633412498,77644.33,7e-05,False
1741633412498,77645.52,7e-05,False
1741633412498,77645.53,7e-05,False
1741633412506,77646.71,7e-05,False
1741633412506,77646.71,7e-05,False
1741633412506,77646.71,7e-05,False
1741633412506,77646.71,7e-05,False
1741633412506,77646.71,7e-05,False
1741633412506,77646.72,0.00014,False
1741633412506,77646.75,0.0002,False
1741633412506,77646.76,7e-05,False
1741633412506,77646.76,7e-05,False
1741633412506,77646.76,7e-05,False
1741633412506,77646.76,7e-05,False
1741633412506,77646.77,0.00248,False
1741633412506,77646.77,7e-05,False
1741633412506,77647.44,7e-05,False
1741633412506,77647.92,7e-05,False
1741633412506,77647.93,0.00013,False
1741633412506,77647.93,7e-05,False
1741633412506,77650.62,0.0004,False
1741633412539,77650.85,7e-05,False
1741633412539,77650.85,7e-05,False
1741633412539,77650.85,7e-05,False
1741633412539,77650.85,7e-05,False
1741633412539,77650.85,0.0001,False
1741633412539,77650.85,0.0001,False
1741633412539,77650.85,0.00021,False
1741633412539,77650.85,0.00021,False
1741633412539,77650.85,0.00035,False
1741633412539,77650.85,0.00035,False
1741633412539,77650.85,7e-05,False
1741633412539,77650.86,0.0072,False
1741633412539,77650.86,7e-05,False
1741633412539,77651.11,0.00014,False
1741633412539,77652.78,0.00022,False
1741633412539,77653.48,0.00027,False
1741633412539,77653.49,0.001,False
1741633412539,77653.71,0.00014,False
1741633412539,77654.81,7e-05,False
1741633412539,77655.99,7e-05,False
1741633412539,77655.99,7e-05,False
1741633412539,77655.99,7e-05,False
1741633412600,77656.74,0.00028,False
1741633412656,77656.74,0.00029,False
1741633412656,77656.74,0.0001,False
1741633412656,77656.74,7e-05,False
1741633412656,77656.74,7e-05,False
1741633412656,77656.74,7e-05,False
1741633412656,77656.74,7e-05,False
1741633412656,77656.74,0.00013,False
1741633412656,77656.74,0.0001,False
1741633412656,77656.74,0.00038,False
1741633412656,77656.74,7e-05,False
1741633412656,77656.74,0.0012,False
1741633412656,77656.75,0.00013,False
1741633412656,77656.75,0.00014,False
1741633412656,77658.72,0.00039,False
1741633412656,77658.72,0.00074,False
1741633412656,77658.72,7e-05,False
1741633412656,77658.73,0.001,False
1741633412656,77659.85,7e-05,False
1741633412656,77659.99,7e-05,False
1741633412656,77659.99,7e-05,False
1741633412656,77659.99,7e-05,False
1741633412656,77660.0,0.00601,False
1741633412672,77659.99,0.00342,True
1741633412708,77660.0,0.00616,False
1741633412713,77660.0,0.01209,False
1741633412816,77659.99,0.00487,True
1741633412816,77659.99,0.00829,True
1741633412816,77659.99,0.02684,True
1741633412841,77659.99,0.00128,True
1741633412949,77659.99,7e-05,True
1741633412949,77659.99,0.0001,True
1741633412949,77659.99,0.1,True
1741633412949,77659.99,7e-05,True
1741633412949,77659.99,7e-05,True
1741633412949,77659.99,7e-05,True
1741633412949,77659.99,7e-05,True
1741633412949,77659.99,7e-05,True
1741633412949,77659.99,0.00014,True
1741633412949,77659.99,0.0001,True
1741633412949,77659.99,0.0001,True
1741633412949,77659.99,0.0001,True
1741633412949,77659.99,0.0001,True
1741633412949,77659.98,7e-05,True
1741633412949,77659.98,0.00014,True
1741633412949,77659.98,7e-05,True
1741633412949,77659.98,0.00014,True
1741633412949,77659.98,0.00013,True
1741633412949,77659.95,7e-05,True
1741633412949,77659.95,7e-05,True
1741633412949,77659.94,7e-05,True
1741633412949,77659.86,7e-05,True
1741633412949,77659.47,7e-05,True
1741633412949,77659.46,7e-05,True
1741633412949,77659.37,7e-05,True
1741633412949,77657.0,8e-05,True
1741633412949,77657.0,8e-05,True
1741633412949,77656.01,7e-05,True
1741633412949,77656.01,7e-05,True
1741633412949,77656.01,7e-05,True
1741633413006,77654.03,0.00012,True
1741633413006,77654.03,0.0001,True
1741633413006,77654.03,0.0001,True
1741633413006,77654.03,0.0001,True
1741633413006,77654.03,7e-05,True
1741633413006,77654.03,0.00013,True
1741633413006,77654.03,0.00015,True
1741633413006,77654.03,0.00015,True
1741633413006,77654.03,0.00013,True
1741633413006,77654.02,9e-05,True
1741633413006,77654.02,7e-05,True
1741633413006,77652.24,7e-05,True
1741633413006,77652.24,7e-05,True
1741633413006,77652.24,7e-05,True
1741633413006,77652.24,7e-05,True
1741633413010,77652.23,0.00011,True
1741633413010,77652.23,7e-05,True
1741633413010,77652.23,0.0001,True
1741633413010,77652.23,0.0001,True
1741633413010,77652.23,0.03762,True
1741633413010,77652.23,0.01,True
1741633413012,77652.23,0.005,True
1741633413012,77652.23,0.05276,True
1741633413012,77652.23,9e-05,True
1741633413012,77652.23,0.0001,True
1741633413012,77652.23,9e-05,True
1741633413012,77652.23,9e-05,True
1741633413012,77652.23,0.11249,True
1741633413012,77652.23,9e-05,True
1741633413012,77652.23,0.0001,True
1741633413012,77652.23,0.06192,True
1741633413013,77652.23,0.086,True
1741633413013,77652.23,0.01484,True
1741633413013,77652.23,0.1028,True
1741633413013,77652.23,0.06712,True
1741633413013,77652.23,0.0001,True
1741633413013,77650.55,7e-05,True
1741633413013,77650.29,7e-05,True
1741633413013,77650.0,7e-05,True
1741633413013,77649.82,7e-05,True
1741633413013,77649.82,7e-05,True
1741633413013,77649.82,7e-05,True
1741633413013,77649.81,7e-05,True
1741633413013,77649.47,7e-05,True
1741633413013,77649.47,7e-05,True
1741633413013,77649.47,7e-05,True
1741633413013,77649.46,0.02677,True
1741633413013,77649.46,0.03023,True
1741633413013,77649.46,7e-05,True
1741633413017,77648.09,7e-05,True
1741633413017,77648.09,7e-05,True
1741633413017,77648.09,7e-05,True
1741633413020,77647.03,0.00014,True
1741633413020,77646.7,0.0001,True
1741633413020,77646.01,7e-05,True
1741633413020,77646.01,7e-05,True
1741633413020,77646.01,7e-05,True
1741633413020,77645.9,7e-05,True
1741633413020,77645.9,7e-05,True
1741633413020,77645.9,7e-05,True
1741633413020,77645.89,0.02531,True
1741633413020,77645.89,0.03588,True
1741633413021,77645.89,0.05712,True
1741633413023,77645.89,7e-05,True
1741633413027,77645.09,0.0005,True
1741633413045,77645.09,0.00455,True
1741633413045,77645.09,0.0001,True
1741633413045,77645.09,6e-05,True
1741633413049,77645.09,4e-05,True
1741633413049,77645.08,0.00016,True
1741633413127,77645.08,0.00014,True
1741633413127,77645.08,0.0001,True
1741633413127,77645.08,7e-05,True
1741633413127,77645.08,7e-05,True
1741633413127,77645.07,0.00014,True
1741633413127,77645.07,7e-05,True
1741633413127,77644.47,0.00038,True
1741633413127,77644.47,0.00038,True
1741633413127,77644.47,0.00038,True
1741633413127,77644.47,7e-05,True
1741633413127,77644.46,7e-05,True
1741633413127,77644.46,7e-05,True
1741633413127,77644.46,7e-05,True
1741633413127,77644.46,7e-05,True
1741633413127,77644.45,0.00165,True
1741633413138,77644.45,0.00135,True
1741633413138,77644.45,7e-05,True
1741633413138,77644.45,0.0001,True
1741633413138,77644.45,7e-05,True
1741633413138,77644.45,0.0001,True
1741633413138,77644.45,0.0001,True
1741633413138,77644.45,7e-05,True
1741633413138,77644.45,7e-05,True
1741633413138,77644.45,7e-05,True
1741633413138,77644.45,7e-05,True
1741633413138,77644.45,7e-05,True
1741633413138,77643.99,0.00025,True
1741633413138,77643.99,7e-05,True
1741633413138,77643.99,7e-05,True
1741633413138,77643.57,7e-05,True
1741633413138,77643.57,7e-05,True
1741633413138,77643.15,0.00014,True
1741633413138,77643.15,7e-05,True
1741633413138,77641.24,7e-05,True
1741633413138,77641.24,7e-05,True
1741633413138,77640.93,0.00018,True
1741633413138,77640.93,0.00018,True
1741633413138,77640.93,0.00018,True
1741633413138,77640.92,0.00014,True
1741633413138,77637.04,0.00014,True
1741633413138,77636.11,7e-05,True
1741633413138,77636.11,7e-05,True
1741633413138,77636.11,7e-05,True
1741633413146,77636.1,0.00025,True
1741633413179,77636.11,0.00076,False
1741633413231,77636.1,8e-05,True
1741633413400,77636.11,0.00012,False
1741633413416,77636.11,0.03,False
1741633413418,77636.1,0.00113,True
1741633413418,77636.1,0.00113,True
1741633413418,77636.1,0.00113,True
1741633413418,77636.1,0.00113,True
1741633413418,77636.1,0.00113,True
1741633413418,77636.1,0.00113,True
1741633413418,77636.1,0.00113,True
1741633413419,77636.1,0.00113,True
1741633413419,77636.1,0.00113,True
1741633413437,77636.1,0.00823,True
1741633413521,77636.1,0.00016,True
1741633413641,77636.1,7e-05,True
1741633413641,77636.1,1e-05,True
1741633413700,77636.1,0.00012,True
1741633413700,77636.1,0.0001,True
1741633413700,77636.1,7e-05,True
1741633413700,77636.1,7e-05,True
1741633413700,77636.1,7e-05,True
1741633413700,77636.1,7e-05,True
1741633413700,77636.1,7e-05,True
1741633413700,77636.1,0.0001,True
1741633413700,77636.1,0.0001,True
1741633413700,77636.1,0.0001,True
1741633413700,77636.1,7e-05,True
1741633413700,77636.1,7e-05,True
1741633413700,77636.1,0.0001,True
1741633413700,77636.1,0.0001,True
1741633413700,77636.1,0.0001,True
1741633413700,77636.09,0.00039,True
1741633413700,77636.09,0.00014,True
1741633413700,77636.09,0.00013,True
1741633413700,77636.09,0.00014,True
1741633413700,77636.09,7e-05,True
1741633413700,77636.09,7e-05,True
1741633413700,77636.02,0.00025,True
1741633413700,77636.02,0.00025,True
1741633413700,77636.02,7e-05,True
1741633413700,77636.02,7e-05,True
1741633413700,77636.02,0.00025,True
1741633413700,77636.01,7e-05,True
1741633413700,77636.01,7e-05,True
1741633413700,77636.0,7e-05,True
1741633413700,77635.81,7e-05,True
1741633413700,77635.81,7e-05,True
1741633413700,77635.56,7e-05,True
1741633413700,77635.55,7e-05,True
1741633413700,77635.03,7e-05,True
1741633413700,77634.26,7e-05,True
1741633413700,77633.65,0.00032,True
1741633413700,77632.5,0.00031,True
1741633413700,77632.05,7e-05,True
1741633413700,77632.05,7e-05,True
1741633413700,77632.05,7e-05,True
1741633413721,77632.04,7e-05,True
1741633413721,77632.04,7e-05,True
1741633413721,77632.04,0.0001,True
1741633413721,77632.04,0.0001,True
1741633413721,77632.04,0.0001,True
1741633413721,77632.04,7e-05,True
1741633413721,77632.04,0.00021,True
1741633413721,77632.04,0.0002,True
1741633413721,77632.04,0.0002,True
1741633413721,77632.04,0.0002,True
1741633413721,77632.04,8e-05,True
1741633413721,77632.04,7e-05,True
1741633413721,77632.03,7e-05,True
1741633413721,77632.03,0.00014,True
1741633413721,77631.14,7e-05,True
1741633413722,77631.04,7e-05,True
1741633413722,77631.04,9e-05,True
1741633413722,77631.03,7e-05,True
1741633413722,77630.41,0.0001,True
1741633413722,77630.02,7e-05,True
1741633413722,77630.0,7e-05,True
1741633413722,77628.48,7e-05,True
1741633413722,77628.35,7e-05,True
1741633413722,77628.35,7e-05,True
1741633413722,77628.35,7e-05,True
1741633413722,77628.11,0.0001,True
1741633413722,77626.29,0.00014,True
1741633413722,77626.19,0.00029,True
1741633413782,77626.19,0.0001,True
1741633413782,77626.19,7e-05,True
1741633413826,77626.19,0.00017,True
1741633413857,77626.2,0.00128,False
1741633413864,77626.19,0.00017,True
1741633413885,77626.19,0.00063,True
1741633413895,77626.2,0.00086,False
1741633413896,77626.19,0.00025,True
1741633413896,77626.19,0.00017,True
1741633413931,77626.19,0.00017,True
1741633413962,77626.19,0.00017,True
1741633414001,77626.19,0.00017,True
1741633414038,77626.19,0.00017,True
1741633414053,77626.19,0.0002,True
1741633414069,77626.19,0.00017,True
1741633414106,77626.19,7e-05,True
1741633414106,77626.19,0.0001,True
1741633414138,77626.19,7e-05,True
1741633414138,77626.19,7e-05,True
1741633414138,77626.19,3e-05,True
1741633414147,77626.19,4e-05,True
1741633414147,77626.19,0.00013,True
1741633414147,77626.19,7e-05,True
1741633414147,77626.19,7e-05,True
1741633414172,77626.19,0.0001,True
1741633414172,77626.19,7e-05,True
1741633414196,77626.2,0.00128,False
1741633414203,77626.19,0.00017,True
1741633414241,77626.19,0.0003,True
1741633414305,77626.2,0.00014,False
1741633414305,77626.2,7e-05,False
1741633414305,77626.2,0.00043,False
1741633414380,77626.19,7e-05,True
1741633414380,77626.19,7e-05,True
1741633414380,77626.19,7e-05,True
1741633414380,77626.19,7e-05,True
1741633414380,77626.19,7e-05,True
1741633414380,77626.19,0.00013,True
1741633414380,77626.19,7e-05,True
1741633414380,77626.19,0.0001,True
1741633414380,77626.19,0.0001,True
1741633414380,77626.19,0.0001,True
1741633414380,77626.19,7e-05,True
1741633414380,77626.19,0.01,True
1741633414428,77626.2,0.01338,False
1741633414440,77626.19,0.0001,True
1741633414440,77626.19,0.0001,True
1741633414440,77626.19,0.0001,True
1741633414440,77626.19,7e-05,True
1741633414440,77626.19,7e-05,True
1741633414440,77626.19,7e-05,True
1741633414440,77626.19,7e-05,True
1741633414440,77626.19,7e-05,True
1741633414440,77626.19,7e-05,True
1741633414440,77626.19,0.00013,True
1741633414440,77626.18,0.00029,True
1741633414440,77626.18,7e-05,True
1741633414440,77626.18,0.00014,True
1741633414440,77626.18,7e-05,True
1741633414440,77626.18,0.00013,True
1741633414440,77626.18,0.00013,True
1741633414440,77626.02,7e-05,True
1741633414440,77626.02,7e-05,True
1741633414440,77626.01,0.0003,True
1741633414440,77626.01,0.0003,True
1741633414440,77626.01,0.00034,True
1741633414440,77626.01,7e-05,True
1741633414440,77626.01,0.0003,True
1741633414440,77626.01,7e-05,True
1741633414440,77626.0,7e-05,True
1741633414440,77626.0,7e-05,True
1741633414440,77625.27,7e-05,True
1741633414440,77625.0,7e-05,True
1741633414440,77624.95,7e-05,True
1741633414440,77624.01,7e-05,True
1741633414440,77624.01,7e-05,True
1741633414440,77624.01,7e-05,True
1741633414440,77624.0,0.014,True
1741633414440,77623.96,0.00303,True
1741633414440,77623.74,7e-05,True
1741633414440,77623.74,7e-05,True
1741633414440,77623.74,8e-05,True
1741633414440,77623.74,7e-05,True
1741633414440,77623.73,0.03033,True
1741633414448,77623.74,0.00054,False
1741633414453,77623.74,0.00022,False
1741633414456,77623.74,9e-05,False
1741633414502,77623.74,9e-05,False
1741633414502,77623.73,0.00043,True
1741633414560,77623.73,0.0002,True
1741633414570,77623.74,0.00067,False
1741633414589,77623.74,0.00437,False
1741633414612,77623.74,0.00129,False
1741633414786,77623.73,0.0014,True
1741633414868,77623.74,7e-05,False
1741633414868,77623.74,7e-05,False
1741633414868,77623.74,7e-05,False
1741633414868,77623.74,7e-05,False
1741633414868,77623.74,0.001,False
1741633414927,77623.74,0.00042,False
1741633415005,77623.74,0.022,False
1741633415029,77623.74,0.002,False
1741633415045,77623.74,0.12901,False
1741633415045,77623.74,0.00014,False
1741633415045,77623.74,0.00082,False
1741633415045,77623.74,7e-05,False
1741633415045,77623.74,7e-05,False
1741633415045,77623.74,7e-05,False
1741633415045,77623.74,7e-05,False
1741633415045,77623.74,7e-05,False
1741633415045,77623.74,7e-05,False
1741633415045,77623.74,0.0001,False
1741633415045,77623.74,0.0001,False
1741633415045,77623.75,7e-05,False
1741633415045,77623.75,0.00014,False
1741633415045,77623.75,0.00013,False
1741633415045,77623.75,0.00013,False
1741633415045,77623.96,7e-05,False
1741633415045,77623.97,7e-05,False
1741633415045,77623.99,7e-05,False
1741633415045,77624.16,7e-05,False
1741633415045,77625.71,0.00083,False
1741633415045,77625.71,7e-05,False
1741633415045,77627.99,7e-05,False
1741633415045,77627.99,7e-05,False
1741633415045,77627.99,7e-05,False
1741633415047,77628.1,7e-05,False
1741633415047,77628.1,7e-05,False
1741633415047,77628.1,7e-05,False
1741633415047,77628.1,7e-05,False
1741633415047,77628.11,0.01592,False
1741633415049,77628.11,0.0087,False
1741633415049,77628.11,8e-05,False
1741633415052,77629.99,7e-05,False
1741633415052,77629.99,7e-05,False
1741633415052,77629.99,7e-05,False
1741633415052,77629.99,7e-05,False
1741633415052,77630.0,0.00146,False
1741633415052,77630.0,7e-05,False
1741633415052,77630.37,7e-05,False
1741633415052,77631.19,0.00101,False
1741633415052,77631.19,7e-05,False
1741633415052,77631.99,7e-05,False
1741633415052,77631.99,7e-05,False
1741633415052,77631.99,7e-05,False
1741633415052,77632.01,0.0001,False
1741633415052,77633.43,0.00014,False
1741633415052,77633.99,7e-05,False
1741633415052,77633.99,7e-05,False
1741633415052,77633.99,7e-05,False
1741633415052,77634.0,0.01138,False
1741633415128,77634.0,7e-05,False
1741633415128,77634.0,7e-05,False
1741633415128,77634.0,7e-05,False
1741633415128,77634.0,7e-05,False
1741633415128,77634.0,7e-05,False
1741633415128,77634.0,7e-05,False
1741633415128,77634.0,7e-05,False
1741633415128,77634.0,7e-05,False
1741633415128,77634.01,0.00038,False
1741633415128,77634.01,7e-05,False
1741633415128,77634.01,0.00013,False
1741633415128,77634.01,0.00014,False
1741633415128,77635.15,7e-05,False
1741633415128,77635.37,7e-05,False
1741633415128,77635.54,7e-05,False
1741633415128,77635.55,7e-05,False
1741633415128,77635.55,0.00047,False
1741633415128,77635.55,0.00047,False
1741633415128,77635.55,0.00047,False
1741633415169,77635.88,0.00115,True
1741633415169,77635.89,0.00014,False
1741633415169,77635.89,7e-05,False
1741633415169,77635.89,7e-05,False
1741633415169,77635.9,0.0001,False
1741633415169,77636.1,7e-05,False
1741633415169,77636.1,7e-05,False
1741633415169,77636.1,7e-05,False
1741633415169,77636.1,7e-05,False
1741633415169,77636.11,0.00165,False
1741633415254,77636.1,0.0003,True
1741633415259,77636.11,0.01086,False
1741633415259,77636.11,0.01369,False
1741633415259,77636.11,0.00198,False
1741633415259,77636.11,0.0041,False
1741633415259,77636.11,7e-05,False
1741633415259,77636.11,7e-05,False
1741633415259,77636.11,0.00014,False
1741633415274,77636.12,0.00013,False
1741633415274,77636.13,0.00014,False
1741633415380,77639.74,0.022,True
1741633415417,77639.74,0.0182,True
1741633415417,77639.74,0.0061,True
1741633415427,77639.74,0.00022,True
1741633415480,77639.74,0.03882,True
1741633415562,77639.74,0.0002,True
1741633415735,77639.74,0.00644,True
1741633415761,77639.75,0.00021,False
1741633415761,77639.75,0.00021,False
1741633415761,77639.75,0.00021,False
1741633415761,77639.75,0.00065,False
1741633415870,77639.74,0.00046,True
1741633416001,77639.75,0.00128,False
1741633416065,77639.74,0.0002,True
1741633416079,77639.75,0.00321,False
1741633416079,77639.75,7e-05,False
1741633416079,77639.75,0.00014,False
1741633416079,77639.75,7e-05,False
1741633416079,77639.75,7e-05,False
1741633416079,77639.75,7e-05,False
1741633416079,77639.75,0.00111,False
1741633416079,77639.75,0.00083,False
1741633416079,77639.75,0.001,False
1741633416079,77639.75,7e-05,False
1741633416081,77639.76,0.00019,False
1741633416081,77639.76,0.00013,False
1741633416081,77639.76,0.00013,False
1741633416081,77639.76,0.00014,False
1741633416081,77639.76,7e-05,False
1741633416081,77639.89,7e-05,False
1741633416081,77639.9,7e-05,False
1741633416081,77639.9,8e-05,False
1741633416120,77639.91,7e-05,False
1741633416195,77641.82,0.01369,True
1741633416208,77641.83,0.00013,False
1741633416208,77641.83,0.0001,False
1741633416208,77641.83,0.0001,False
1741633416208,77641.83,7e-05,False
1741633416208,77641.83,7e-05,False
1741633416208,77641.83,7e-05,False
1741633416208,77641.83,7e-05,False
1741633416208,77641.83,7e-05,False
1741633416208,77641.84,0.00011,False
1741633416208,77641.84,7e-05,False
1741633416208,77641.98,7e-05,False
1741633416208,77641.98,7e-05,False
1741633416208,77641.98,7e-05,False
1741633416208,77641.98,2e-05,False
1741633416208,77641.98,5e-05,False
1741633416387,77641.99,0.00014,False
1741633416387,77642.0,0.00014,False
1741633416387,77642.0,0.00014,False
1741633416387,77642.0,0.00014,False
1741633416387,77642.01,7e-05,False
1741633416387,77642.14,0.00012,False
1741633416387,77642.14,0.00012,False
1741633416387,77642.14,0.00012,False
1741633416388,77642.15,0.005,False
1741633416388,77642.15,0.01,False
1741633416388,77642.15,0.005,False
1741633416388,77642.15,0.01,False
1741633416516,77643.86,0.00043,True
1741633416529,77643.87,9e-05,False
1741633416529,77643.87,9e-05,False
1741633416529,77643.87,9e-05,False
1741633416529,77643.87,0.00014,False
1741633416529,77643.87,0.0001,False
1741633416529,77643.88,0.0001,False
1741633416529,77643.88,7e-05,False
1741633416529,77643.88,7e-05,False
1741633416529,77643.88,0.00013,False
1741633416529,77643.88,0.00014,False
1741633416529,77643.88,1e-05,False
1741633416531,77643.88,6e-05,False
1741633416531,77643.89,0.02854,False
1741633416531,77643.97,0.00013,False
1741633416531,77643.97,7e-05,False
1741633416531,77643.97,7e-05,False
1741633416531,77643.97,7e-05,False
1741633416531,77643.98,0.04053,False
1741633416561,77645.11,7e-05,False
1741633416627,77645.11,1e-05,False
1741633416627,77645.11,0.00222,False
1741633416631,77645.11,8e-05,False
1741633416649,77645.11,8e-05,False
1741633416815,77645.11,0.00066,False
1741633416815,77645.11,0.00014,False
1741633416815,77645.12,0.00014,False
1741633416815,77645.12,0.00014,False
1741633416815,77645.12,0.00013,False
1741633416815,77645.89,7e-05,False
1741633416815,77647.93,0.00013,False
1741633416815,77647.99,0.0002,False
1741633416815,77647.99,0.0002,False
1741633416815,77647.99,0.0002,False
1741633416815,77648.26,0.001,False
1741633416815,77649.13,0.00032,False
1741633416815,77649.85,9e-05,False
1741633416815,77650.86,0.00033,False
1741633416815,77652.51,0.00013,False
1741633416815,77652.83,0.00014,False
1741633416815,77653.0,0.001,False
1741633416815,77654.35,7e-05,False
1741633416815,77654.35,7e-05,False
1741633416815,77654.35,7e-05,False
1741633416835,77654.36,0.00218,False
1741633416844,77654.36,0.00128,False
1741633416870,77654.36,0.0001,False
1741633416922,77654.36,0.00013,False
1741633416922,77654.36,7e-05,False
1741633416922,77654.36,7e-05,False
1741633416922,77654.36,7e-05,False
1741633416922,77654.36,7e-05,False
1741633416922,77654.36,7e-05,False
1741633416922,77654.37,0.00013,False
1741633416922,77654.37,7e-05,False
1741633416922,77654.37,0.00014,False
1741633416922,77654.38,8e-05,False
1741633416922,77654.38,7e-05,False
1741633416922,77655.26,7e-05,False
1741633416922,77656.35,7e-05,False
1741633416922,77658.34,9e-05,False
1741633416922,77658.34,7e-05,False
1741633416922,77658.34,7e-05,False
1741633416922,77658.34,7e-05,False
1741633416929,77658.35,8e-05,False
1741633416930,77658.35,0.03992,False
1741633416937,77658.35,0.00128,False
1741633416976,77658.35,0.00038,False
1741633416983,77658.34,0.00013,True
1741633417037,77658.34,0.13679,True
1741633417037,77658.34,0.07641,True
1741633417038,77658.34,0.032,True
1741633417038,77658.34,0.1069,True
1741633417038,77658.34,0.02928,True
1741633417038,77658.34,0.0263,True
1741633417038,77658.34,0.03257,True
1741633417038,77658.34,0.00145,True
1741633417038,77658.34,0.04738,True
1741633417038,77658.34,0.02033,True
1741633417038,77658.34,0.03639,True
1741633417038,77658.34,0.07838,True
1741633417038,77658.34,0.00855,True
1741633417038,77658.34,9e-05,True
1741633417038,77658.34,0.00695,True
1741633417038,77658.34,0.0407,True
1741633417038,77658.34,0.01585,True
1741633417039,77658.34,0.038,True
1741633417040,77658.34,0.04375,True
1741633417041,77658.34,0.0001,True
1741633417041,77658.34,7e-05,True
1741633417041,77658.34,0.00014,True
1741633417041,77658.34,0.01279,True
1741633417041,77658.34,0.01022,True
1741633417041,77658.34,0.01788,True
1741633417041,77658.33,0.00014,True
1741633417041,77658.33,7e-05,True
1741633417042,77657.42,0.00139,True
1741633417042,77656.81,7e-05,True
1741633417042,77656.81,7e-05,True
1741633417042,77656.81,7e-05,True
1741633417042,77656.8,0.01284,True
1741633417042,77656.76,7e-05,True
1741633417047,77654.37,7e-05,True
1741633417047,77654.37,7e-05,True
1741633417047,77654.37,7e-05,True
1741633417047,77654.36,7e-05,True
1741633417047,77654.36,7e-05,True
1741633417047,77654.36,7e-05,True
1741633417047,77654.34,0.00014,True
1741633417047,77654.34,0.00013,True
1741633417052,77654.01,7e-05,True
1741633417052,77654.01,7e-05,True
1741633417052,77654.01,7e-05,True
1741633417053,77652.83,7e-05,True
1741633417053,77652.83,7e-05,True
1741633417053,77652.83,7e-05,True
1741633417080,77649.47,0.0001,True
1741633417080,77649.47,0.00246,True
1741633417080,77649.47,0.0002,True
1741633417089,77649.48,8e-05,False
1741633417090,77649.47,0.13742,True
1741633417095,77649.47,0.00101,True
1741633417095,77649.47,0.03699,True
1741633417097,77649.47,0.019,True
1741633417101,77649.47,0.13011,True
1741633417106,77649.47,0.02834,True
1741633417106,77649.47,0.1211,True
1741633417106,77649.47,0.04806,True
1741633417107,77649.47,0.0664,True
1741633417107,77649.47,0.0001,True
1741633417107,77649.47,0.0001,True
1741633417107,77649.46,0.00014,True
1741633417130,77646.6,0.003,False
1741633417133,77646.59,7e-05,True
1741633417133,77646.59,7e-05,True
1741633417133,77646.59,0.0001,True
1741633417133,77646.59,7e-05,True
1741633417133,77646.58,0.003,True
1741633417133,77645.9,7e-05,True
1741633417133,77645.35,0.00079,True
1741633417133,77645.1,0.00062,True
1741633417141,77645.1,0.00024,True
1741633417141,77645.1,0.0001,True
1741633417170,77645.09,0.00013,True
1741633417170,77645.09,0.0001,True
1741633417177,77644.67,0.00188,False
1741633417193,77644.66,0.00015,True
1741633417193,77644.66,0.0001,True
1741633417206,77644.66,0.0001,True
1741633417206,77644.66,0.0001,True
1741633417206,77644.66,0.0001,True
1741633417224,77644.66,0.0001,True
1741633417224,77644.66,0.0001,True
1741633417224,77642.36,7e-05,True
1741633417224,77642.2,0.00013,True
1741633417224,77642.0,0.014,True
1741633417224,77641.26,0.00032,True
1741633417224,77640.77,0.00014,True
1741633417224,77640.01,7e-05,True
1741633417224,77640.01,7e-05,True
1741633417224,77640.01,7e-05,True
1741633417224,77640.0,0.00404,True
1741633417312,77640.0,0.0001,True
1741633417312,77640.0,0.00014,True
1741633417312,77640.0,0.00178,True
1741633417312,77639.99,0.00012,True
1741633417312,77639.99,0.00013,True
1741633417312,77639.99,0.00014,True
1741633417312,77639.76,0.00012,True
1741633417312,77639.75,7e-05,True
1741633417312,77639.75,7e-05,True
1741633417312,77639.75,7e-05,True
1741633417312,77639.74,0.00381,True
1741633417312,77638.01,7e-05,True
1741633417312,77638.01,7e-05,True
1741633417312,77638.01,7e-05,True
1741633417312,77637.02,0.00304,True
1741633417312,77637.0,0.00014,True
1741633417312,77636.01,7e-05,True
1741633417312,77636.01,7e-05,True
1741633417312,77636.01,7e-05,True
1741633417312,77636.0,0.014,True
1741633417312,77635.9,7e-05,True
1741633417312,77635.9,7e-05,True
1741633417312,77635.9,7e-05,True
1741633417312,77635.89,7e-05,True
1741633417312,77635.89,7e-05,True
1741633417312,77635.89,9e-05,True
1741633417312,77635.89,9e-05,True
1741633417312,77635.89,0.00755,True
1741633417321,77635.89,7e-05,True
1741633417321,77635.89,0.0001,True
1741633417321,77635.89,7e-05,True
1741633417321,77635.89,0.00019,True
1741633417321,77635.89,9e-05,True
1741633417321,77635.89,0.0002,True
1741633417321,77635.89,7e-05,True
1741633417321,77634.01,7e-05,True
1741633417321,77634.01,7e-05,True
1741633417321,77634.01,7e-05,True
1741633417321,77634.0,0.00029,True
1741633417576,77634.01,0.0003,False
1741633417584,77634.0,0.0002,True
1741633417701,77634.0,0.00108,True
1741633417703,77634.01,0.0001,False
1741633417705,77634.01,0.00109,False
1741633417708,77634.01,0.00028,False
1741633417816,77634.0,0.01243,True
1741633417816,77634.0,0.00013,True
1741633417816,77634.0,0.019,True
1741633417816,77634.0,0.00844,True
1741633417895,77634.0,0.00267,True
1741633418085,77634.0,0.0001,True
1741633418085,77634.0,0.002,True
1741633418085,77634.0,7e-05,True
1741633418085,77634.0,0.00013,True
1741633418085,77634.0,0.00065,True
1741633418085,77633.99,0.0001,True
1741633418085,77633.99,0.00014,True
1741633418085,77633.99,0.00014,True
1741633418085,77633.99,0.00013,True
1741633418085,77633.74,0.00011,True
1741633418085,77633.73,0.0007,True
1741633418085,77633.73,0.0007,True
1741633418085,77633.72,7e-05,True
1741633418085,77633.72,7e-05,True
1741633418085,77633.72,0.0001,True
1741633418085,77633.72,7e-05,True
1741633418085,77633.72,9e-05,True
1741633418085,77633.72,7e-05,True
1741633418085,77633.71,0.02012,True
1741633418085,77632.71,7e-05,True
1741633418116,77631.05,0.003,True
1741633418116,77631.05,0.0001,True
1741633418116,77631.04,0.00015,True
1741633418116,77631.04,0.00014,True
1741633418116,77630.38,7e-05,True
1741633418116,77630.02,7e-05,True
1741633418116,77630.02,7e-05,True
1741633418116,77630.02,7e-05,True
1741633418116,77630.01,0.01855,True
1741633418116,77629.99,0.00011,True
1741633418116,77629.99,9e-05,True
1741633418160,77628.06,0.00028,True
1741633418160,77628.06,0.00028,True
1741633418160,77628.06,0.00028,True
1741633418160,77628.06,0.0001,True
1741633418160,77628.05,0.00014,True
1741633418160,77628.05,0.00013,True
1741633418160,77628.01,7e-05,True
1741633418160,77628.01,7e-05,True
1741633418160,77628.01,7e-05,True
1741633418166,77626.39,0.001,True
1741633418166,77626.13,7e-05,True
1741633418166,77626.13,0.0003,True
1741633418166,77626.13,0.00011,True
1741633418166,77626.13,0.00013,True
1741633418166,77626.13,7e-05,True
1741633418166,77626.13,7e-05,True
1741633418167,77626.13,0.00128,False
1741633418189,77624.31,0.00021,False
1741633418192,77624.3,0.0001,True
1741633418192,77624.3,7e-05,True
1741633418192,77624.3,7e-05,True
1741633418192,77624.3,7e-05,True
1741633418192,77624.3,7e-05,True
1741633418192,77624.3,7e-05,True
1741633418192,77624.3,7e-05,True
1741633418192,77623.95,7e-05,True
1741633418192,77623.95,7e-05,True
1741633418192,77623.73,0.00022,True
1741633418192,77623.72,0.00022,True
1741633418192,77623.72,0.00022,True
1741633418192,77623.72,0.00022,True
1741633418192,77623.72,7e-05,True
1741633418192,77623.72,7e-05,True
1741633418192,77623.66,7e-05,True
1741633418192,77623.66,7e-05,True
1741633418192,77623.66,7e-05,True
1741633418192,77623.66,7e-05,True
1741633418192,77623.66,7e-05,True
1741633418192,77623.65,7e-05,True
1741633418192,77623.65,7e-05,True
1741633418197,77623.66,0.00063,False
1741633418199,77623.36,7e-05,True
1741633418199,77623.36,7e-05,True
1741633418199,77622.62,7e-05,True
1741633418199,77622.52,7e-05,True
1741633418199,77622.52,7e-05,True
1741633418199,77622.52,7e-05,True
1741633418199,77622.51,0.00208,True
1741633418204,77622.52,0.00044,False
1741633418208,77622.52,0.00052,False
1741633418212,77622.52,0.00021,False
1741633418216,77622.52,8e-05,False
1741633418240,77622.51,7e-05,True
1741633418240,77622.51,7e-05,True
1741633418240,77622.51,7e-05,True
1741633418240,77622.51,7e-05,True
1741633418240,77622.51,7e-05,True
1741633418240,77622.51,7e-05,True
1741633418240,77622.51,0.00013,True
1741633418240,77622.51,0.0001,True
1741633418245,77622.03,0.00018,False
1741633418248,77622.03,7e-05,False
1741633418273,77622.02,9e-05,True
1741633418273,77622.02,9e-05,True
1741633418273,77622.02,9e-05,True
1741633418273,77622.02,7e-05,True
1741633418273,77622.02,7e-05,True
1741633418273,77622.02,7e-05,True
1741633418273,77622.02,7e-05,True
1741633418273,77622.02,9e-05,True
1741633418273,77622.02,7e-05,True
1741633418273,77622.02,7e-05,True
1741633418273,77622.02,0.0001,True
1741633418273,77622.01,7e-05,True
1741633418273,77622.01,7e-05,True
1741633418273,77622.01,0.00012,True
1741633418273,77622.01,0.00014,True
1741633418273,77622.0,7e-05,True
1741633418273,77622.0,7e-05,True
1741633418273,77622.0,0.07801,True
1741633418273,77621.31,7e-05,True
1741633418273,77621.31,7e-05,True
1741633418273,77621.07,7e-05,True
1741633418273,77621.07,7e-05,True
1741633418273,77621.07,7e-05,True
1741633418273,77621.06,7e-05,True
1741633418273,77620.45,0.00013,True
1741633418273,77620.45,7e-05,True
1741633418422,77620.02,0.00128,False
1741633418540,77620.02,7e-05,False
1741633418540,77620.02,7e-05,False
1741633418540,77620.02,7e-05,False
1741633418540,77620.02,7e-05,False
1741633418540,77620.02,9e-05,False
1741633418540,77620.02,7e-05,False
1741633418540,77620.02,7e-05,False
1741633418540,77620.02,7e-05,False
1741633418540,77620.02,7e-05,False
1741633418540,77620.02,7e-05,False
1741633418540,77620.02,7e-05,False
1741633418540,77620.02,0.00014,False
1741633418540,77620.02,7e-05,False
1741633418540,77620.02,0.0001,False
1741633418540,77620.02,0.0001,False
1741633418540,77620.03,0.00014,False
1741633418540,77620.03,7e-05,False
1741633418540,77620.03,0.00013,False
1741633418540,77620.05,0.00013,False
1741633418540,77620.16,7e-05,False
1741633418540,77620.16,7e-05,False
1741633418540,77620.16,7e-05,False
1741633418540,77620.17,7e-05,False
1741633418540,77620.17,7e-05,False
1741633418540,77620.17,7e-05,False
1741633418540,77620.17,7e-05,False
1741633418540,77620.18,0.10986,False
1741633418541,77620.17,0.001,True
1741633418542,77620.18,0.00014,False
1741633418542,77620.18,0.0001,False
1741633418542,77620.18,0.0001,False
1741633418542,77620.28,7e-05,False
1741633418560,77622.51,0.00539,True
1741633418572,77622.55,0.00014,False
1741633418572,77622.61,7e-05,False
1741633418572,77622.96,7e-05,False
1741633418572,77622.96,7e-05,False
1741633418572,77622.96,7e-05,False
1741633418572,77622.97,0.01011,False
1741633418588,77623.66,0.00014,False
1741633418593,77623.65,0.0002,True
1741633418594,77623.66,0.00066,False
1741633418724,77623.99,9e-05,False
1741633418724,77623.99,9e-05,False
1741633418724,77623.99,9e-05,False
1741633418724,77623.99,9e-05,False
1741633418724,77623.99,0.00014,False
1741633418724,77623.99,7e-05,False
1741633418724,77623.99,0.002,False
1741633418748,77624.0,0.00014,False
1741633418748,77624.0,0.00014,False
1741633418766,77624.16,7e-05,False
1741633418766,77624.16,7e-05,False
1741633418766,77624.16,1e-05,False
1741633418800,77624.16,7e-05,False
1741633418800,77624.16,7e-05,False
1741633418800,77624.16,0.0001,False
1741633418800,77624.16,0.0001,False
1741633418800,77624.16,7e-05,False
1741633418800,77624.17,0.00352,False
1741633418800,77627.27,7e-05,False
1741633418800,77627.98,0.0002,False
1741633418800,77627.98,0.0002,False
1741633418800,77627.98,0.0002,False
1741633418800,77631.06,0.00012,False
1741633418800,77632.01,0.0001,False
1741633418800,77632.02,0.001,False
1741633418800,77633.99,7e-05,False
1741633418800,77633.99,7e-05,False
1741633418800,77633.99,7e-05,False
1741633418883,77633.99,0.01537,True
1741633418912,77634.0,0.00014,False
1741633418912,77634.0,0.0005,False
1741633418979,77633.99,0.00109,True
1741633419135,77633.99,0.0001,True
1741633419180,77633.99,0.00013,True
1741633419180,77633.99,2e-05,True
1741633419257,77633.99,7e-05,True
1741633419257,77633.99,7e-05,True
1741633419257,77633.99,0.0001,True
1741633419257,77633.99,7e-05,True
1741633419257,77633.99,7e-05,True
1741633419257,77633.99,7e-05,True
1741633419257,77633.99,7e-05,True
1741633419257,77633.99,0.0001,True
1741633419257,77633.99,0.0001,True
1741633419257,77633.99,0.00034,True
1741633419257,77633.99,0.00013,True
1741633419257,77633.99,0.0001,True
1741633419257,77633.99,0.0001,True
1741633419257,77633.98,0.00014,True
1741633419257,77633.98,0.00014,True
1741633419257,77633.98,7e-05,True
1741633419257,77633.98,7e-05,True
1741633419257,77633.48,7e-05,True
1741633419257,77633.48,7e-05,True
1741633419257,77632.77,7e-05,True
1741633419257,77632.01,7e-05,True
1741633419257,77632.01,7e-05,True
1741633419257,77632.01,7e-05,True
1741633419257,77630.01,7e-05,True
1741633419257,77630.01,7e-05,True
1741633419257,77630.01,7e-05,True
1741633419289,77630.0,0.00156,True
1741633419308,77630.01,0.00026,False
1741633419402,77630.01,7e-05,False
1741633419602,77630.0,7e-05,True
1741633419602,77630.0,7e-05,True
1741633419602,77630.0,6e-05,True
1741633419604,77630.0,1e-05,True
1741633419604,77630.0,7e-05,True
1741633419604,77630.0,0.00101,True
1741633419604,77630.0,7e-05,True
1741633419604,77630.0,0.00014,True
1741633419604,77630.0,0.0001,True
1741633419604,77630.0,0.0001,True
1741633419604,77630.0,0.0001,True
1741633419604,77630.0,7e-05,True
1741633419604,77629.99,0.00019,True
1741633419604,77629.99,0.00014,True
1741633419604,77629.99,0.00014,True
1741633419604,77629.99,7e-05,True
1741633419604,77629.99,7e-05,True
1741633419604,77629.99,0.00013,True
1741633419604,77629.98,7e-05,True
1741633419604,77629.98,7e-05,True
1741633419604,77629.93,7e-05,True
1741633419604,77629.93,7e-05,True
1741633419604,77629.6,7e-05,True
1741633419604,77629.6,7e-05,True
1741633419604,77629.0,7e-05,True
1741633419604,77628.43,7e-05,True
1741633419604,77628.34,7e-05,True
1741633419604,77628.01,7e-05,True
1741633419604,77628.01,7e-05,True
1741633419604,77628.01,0.0001,True
1741633419604,77628.01,0.0001,True
1741633419604,77628.01,7e-05,True
1741633419638,77627.92,7e-05,True
1741633419638,77627.92,7e-05,True
1741633419638,77627.92,0.0001,True
1741633419638,77627.92,0.0001,True
1741633419638,77627.92,0.0001,True
1741633419638,77627.92,7e-05,True
1741633419638,77627.92,7e-05,True
1741633419638,77627.92,7e-05,True
1741633419638,77627.92,7e-05,True
1741633419638,77627.92,0.0001,True
1741633419638,77627.92,7e-05,True
1741633419638,77627.92,7e-05,True
1741633419638,77627.92,8e-05,True
1741633419638,77627.92,8e-05,True
1741633419638,77627.92,7e-05,True
1741633419638,77627.91,0.04769,True
1741633419638,77627.91,2e-05,True
1741633419639,77627.91,5e-05,True
1741633419639,77627.91,7e-05,True
1741633419639,77627.28,7e-05,True
1741633419639,77627.28,7e-05,True
1741633419639,77627.28,7e-05,True
1741633419656,77626.22,0.003,True
1741633419656,77626.22,7e-05,True
1741633419656,77626.22,7e-05,True
1741633419656,77626.22,7e-05,True
1741633419656,77626.22,0.00013,True
1741633419656,77626.22,0.0001,True
1741633419656,77626.22,0.0001,True
1741633419656,77626.22,0.0001,True
1741633419656,77626.22,7e-05,True
1741633419656,77626.22,7e-05,True
1741633419656,77626.22,7e-05,True
1741633419656,77626.21,9e-05,True
1741633419656,77626.21,7e-05,True
1741633419656,77626.21,7e-05,True
1741633419656,77626.13,7e-05,True
1741633419656,77626.13,7e-05,True
1741633419656,77626.02,9e-05,True
1741633419656,77626.02,9e-05,True
1741633419656,77626.02,9e-05,True
1741633419656,77626.02,7e-05,True
1741633419656,77626.02,7e-05,True
1741633419656,77626.01,7e-05,True
1741633419656,77626.01,7e-05,True
1741633419656,77626.0,7e-05,True
1741633419656,77625.01,7e-05,True
1741633419656,77624.29,0.00014,True
1741633419656,77624.29,7e-05,True
1741633419656,77624.17,9e-05,True
1741633419656,77624.17,9e-05,True
1741633419656,77623.95,0.00014,True
1741633419656,77623.66,7e-05,True
1741633419656,77623.66,7e-05,True
1741633419656,77623.66,0.0001,True
1741633419656,77623.66,0.0001,True
1741633419656,77623.66,7e-05,True
1741633419656,77622.62,7e-05,True
1741633419656,77622.01,7e-05,True
1741633419656,77622.01,7e-05,True
1741633419656,77622.01,7e-05,True
1741633419684,77622.0,0.0001,True
1741633419684,77622.0,0.0001,True
1741633419684,77622.0,0.0001,True
1741633419684,77622.0,7e-05,True
1741633419684,77622.0,7e-05,True
1741633419684,77622.0,7e-05,True
1741633419684,77622.0,7e-05,True
1741633419684,77622.0,7e-05,True
1741633419684,77622.0,7e-05,True
1741633419684,77621.99,0.00021,True
1741633419684,77621.99,7e-05,True
1741633419684,77621.99,7e-05,True
1741633419684,77621.99,0.00014,True
1741633419684,77621.92,0.0002,True
1741633419684,77621.92,0.0002,True
1741633419684,77621.92,0.0002,True
1741633419684,77621.92,7e-05,True
1741633419684,77621.92,7e-05,True
1741633419684,77621.02,0.00131,True
1741633419684,77620.41,0.00014,True
1741633419684,77620.41,7e-05,True
1741633419684,77620.41,7e-05,True
1741633419684,77620.18,7e-05,True
1741633419684,77620.18,7e-05,True
1741633419684,77620.01,7e-05,True
1741633419684,77620.01,7e-05,True
1741633419684,77620.01,7e-05,True
1741633419684,77620.01,7e-05,True
1741633419717,77620.0,7e-05,True
1741633419717,77620.0,0.0001,True
1741633419717,77619.99,0.0001,True
1741633419717,77619.99,7e-05,True
1741633419717,77619.99,0.00013,True
1741633419717,77619.67,7e-05,True
1741633419717,77619.67,7e-05,True
1741633419717,77619.67,7e-05,True
1741633419717,77619.67,7e-05,True
1741633419717,77619.66,0.00696,True
1741633419717,77619.66,7e-05,True
1741633419721,77619.33,0.0001,True
1741633419721,77619.33,0.0001,True
1741633419721,77619.33,0.0001,True
1741633419721,77619.33,7e-05,True
1741633419721,77618.82,7e-05,True
1741633419721,77618.14,7e-05,True
1741633419721,77618.14,7e-05,True
1741633419721,77618.14,7e-05,True
1741633419721,77618.14,7e-05,True
1741633419721,77618.13,0.00303,True
1741633419721,77618.13,7e-05,True
1741633419721,77618.01,0.0006,True
1741633419721,77618.01,7e-05,True
1741633419721,77616.92,0.00032,True
1741633419721,77616.92,7e-05,True
1741633419721,77616.53,0.00014,True
1741633419721,77616.53,7e-05,True
1741633419721,77616.42,7e-05,True
1741633419721,77616.42,7e-05,True
1741633419721,77616.42,9e-05,True
1741633419721,77616.42,7e-05,True
1741633419721,77616.42,7e-05,True
1741633419745,77616.02,0.013,False
1741633419751,77616.01,0.0001,True
1741633419751,77616.01,0.0001,True
1741633419751,77616.01,0.0001,True
1741633419751,77616.01,0.0003,True
1741633419751,77616.01,7e-05,True
1741633419751,77616.0,0.0002,True
1741633419751,77616.0,7e-05,True
1741633419751,77615.64,7e-05,True
1741633419751,77615.64,7e-05,True
1741633419751,77614.38,7e-05,True
1741633419751,77614.38,7e-05,True
1741633419751,77614.38,0.00011,True
1741633419751,77614.38,7e-05,True
1741633419751,77614.38,0.00038,True
1741633419751,77614.38,0.00038,True
1741633419751,77614.38,0.00064,True
1741633419751,77614.38,7e-05,True
1741633419758,77614.38,0.00049,False
1741633419761,77614.38,0.0002,False
1741633419764,77614.38,8e-05,False
1741633419786,77614.37,7e-05,True
1741633419786,77614.37,0.0001,True
1741633419786,77614.37,0.0001,True
1741633419786,77614.37,0.0001,True
1741633419786,77614.36,8e-05,True
1741633419786,77614.36,7e-05,True
1741633419786,77614.35,0.00013,True
1741633419786,77614.35,7e-05,True
1741633419786,77614.32,0.00014,True
1741633419786,77614.32,7e-05,True
1741633419786,77614.25,7e-05,True
1741633419786,77614.25,7e-05,True
1741633419786,77614.25,7e-05,True
1741633419786,77614.25,7e-05,True
1741633419786,77614.24,7e-05,True
1741633419786,77613.54,0.001,True
1741633419786,77613.54,7e-05,True
1741633419786,77613.21,7e-05,True
1741633419786,77613.21,7e-05,True
1741633419786,77613.21,7e-05,True
1741633419786,77613.21,7e-05,True
1741633419790,77613.21,0.00257,False
1741633419801,77613.21,6e-05,False
1741633419810,77613.2,0.01287,True
1741633419825,77613.2,0.04477,True
1741633419825,77613.2,0.0001,True
1741633419825,77613.2,7e-05,True
1741633419825,77613.2,0.0001,True
1741633419825,77613.2,0.0001,True
1741633419825,77613.2,0.0001,True
1741633419825,77612.93,0.00012,True
1741633419825,77612.93,3e-05,True
1741633419825,77612.93,7e-05,True
1741633419825,77612.03,0.00095,True
1741633419825,77612.02,7e-05,True
1741633419825,77612.02,7e-05,True
1741633419825,77612.02,7e-05,True
1741633419846,77612.02,0.00011,False
1741633419864,77612.02,0.00863,False
1741633419864,77612.02,0.08172,False
1741633419864,77612.02,0.04238,False
1741633419950,77612.01,7e-05,True
1741633419950,77612.01,7e-05,True
1741633419950,77612.01,7e-05,True
1741633419950,77612.01,0.00012,True
1741633419950,77612.01,0.00012,True
1741633419950,77612.01,0.00012,True
1741633419950,77612.01,0.00013,True
1741633419950,77612.01,7e-05,True
1741633419950,77612.01,7e-05,True
1741633419950,77612.01,7e-05,True
1741633419950,77612.01,7e-05,True
1741633419950,77612.01,7e-05,True
1741633419950,77612.01,0.0001,True
1741633419950,77612.01,0.0001,True
1741633419950,77612.01,0.0001,True
1741633419950,77612.01,7e-05,True
1741633419950,77612.0,7e-05,True
1741633419950,77612.0,7e-05,True
