timestamp,price,volume,is_ask
1741811486207,82953.68,0.00121,False
1741811486847,82953.68,0.00091,False
1741811487016,82953.68,0.01131,False
1741811487016,82953.68,0.00013,False
1741811487016,82953.69,0.00022,False
1741811487016,82953.69,0.00013,False
1741811487016,82953.7,0.00014,False
1741811487016,82953.7,0.00013,False
1741811487042,82953.71,0.01406,False
1741811487042,82953.73,0.00014,False
1741811487042,82954.06,0.00924,False
1741811487042,82954.19,0.0016,False
1741811487042,82954.19,0.00022,False
1741811487042,82954.19,0.00022,False
1741811487042,82954.19,0.00022,False
1741811487042,82954.19,0.00143,False
1741811487042,82954.52,0.0016,False
1741811487042,82954.52,0.00026,False
1741811487218,82954.53,0.0002,False
1741811487372,82954.53,0.12093,False
1741811487399,82954.53,0.19,False
1741811487403,82954.53,0.01283,False
1741811487405,82954.53,2.11274,False
1741811487405,82954.53,0.00014,False
1741811487408,82954.54,0.04927,False
1741811487408,82954.54,0.00013,False
1741811487408,82954.55,0.00014,False
1741811487408,82954.55,0.00014,False
1741811487408,82954.57,0.0095,False
1741811487408,82954.69,0.02107,False
1741811487408,82954.73,0.00339,False
1741811487408,82954.77,0.01293,False
1741811487408,82955.85,0.00013,False
1741811487408,82956.0,0.0001,False
1741811487408,82956.0,0.002,False
1741811487408,82956.0,0.0001,False
1741811487408,82956.0,0.00015,False
1741811487408,82956.14,0.01732,False
1741811487408,82956.14,0.00384,False
1741811487408,82957.47,0.00017,False
1741811487408,82957.47,0.00017,False
1741811487408,82957.47,0.00017,False
1741811487408,82957.48,7e-05,False
1741811487408,82957.8,0.003,False
1741811487408,82958.04,0.01967,False
1741811487409,82958.62,0.01491,False
1741811487409,82958.63,0.0078,False
1741811487409,82958.8,0.01113,False
1741811487409,82958.85,0.00815,False
1741811487409,82958.92,0.00303,False
1741811487409,82959.0,0.00982,False
1741811487409,82959.47,0.00017,False
1741811487415,82959.8,0.00013,False
1741811487415,82960.0,0.0001,False
1741811487415,82960.0,0.002,False
1741811487415,82960.0,0.0001,False
1741811487415,82960.0,0.00015,False
1741811487415,82960.0,0.00252,False
1741811487415,82960.0,0.005,False
1741811487415,82960.0,0.01,False
1741811487415,82960.0,0.00659,False
1741811487415,82960.58,8e-05,False
1741811487415,82961.3,8e-05,False
1741811487415,82961.74,0.00325,False
1741811487424,82961.74,0.00966,False
1741811487433,82961.74,0.0088,False
1741811487433,82961.74,0.00649,False
1741811487467,82961.74,0.01286,False
1741811487499,82961.74,0.00275,False
1741811487538,82961.75,0.0004,False
1741811487538,82961.76,0.00014,False
1741811487538,82962.25,0.00041,False
1741811487538,82962.25,0.00024,False
1741811487538,82962.25,0.00024,False
1741811487538,82962.25,0.00024,False
1741811487538,82962.26,0.00617,False
1741811487575,82962.26,0.01244,False
1741811487606,82962.26,0.00395,False
1741811487606,82962.26,0.00373,False
1741811487658,82962.26,0.07021,False
1741811487658,82962.26,0.00013,False
1741811487658,82962.26,0.00753,False
1741811487658,82962.26,0.00546,False
1741811487665,82962.26,0.0148,False
1741811487665,82962.26,0.00014,False
1741811487734,82962.26,0.00013,False
1741811487736,82962.26,0.0002,False
1741811487753,82962.25,0.00043,True
1741811487867,82962.26,0.00419,False
1741811488345,82962.26,0.00012,False
1741811488357,82962.26,0.00011,False
1741811488383,82962.25,0.0012,True
1741811488722,82962.26,0.0002,False
1741811488960,82962.26,0.00023,False
1741811489087,82962.25,0.00104,True
1741811489112,82962.25,0.00133,True
1741811489224,82962.26,0.00482,False
1741811489382,82962.25,0.00082,True
1741811489786,82962.25,0.04515,True
1741811489837,82962.25,0.02521,True
1741811490416,82962.26,0.00014,False
1741811490416,82962.26,9e-05,False
1741811490416,82962.26,0.00023,False
1741811490416,82962.26,0.00055,False
1741811490416,82962.26,0.07605,False
1741811490416,82962.26,0.00496,False
1741811490416,82962.28,0.00014,False
1741811490416,82962.28,0.00014,False
1741811490416,82962.28,0.00013,False
1741811490450,82963.12,0.00475,False
1741811490450,82963.12,0.04385,False
1741811490472,82963.12,0.00419,False
1741811490496,82963.14,0.00014,False
1741811490496,82963.14,0.00014,False
1741811490549,82963.15,7e-05,False
1741811490549,82963.15,0.0164,False
1741811490581,82963.91,8e-05,False
1741811490581,82963.91,8e-05,False
1741811490581,82963.91,8e-05,False
1741811490581,82963.91,0.02317,False
1741811490616,82963.91,0.00654,False
1741811490616,82963.91,0.00324,False
1741811490648,82963.91,0.00014,False
1741811490648,82963.91,0.00914,False
1741811490648,82963.93,0.00014,False
1741811490648,82963.93,0.00013,False
1741811490648,82963.94,0.00193,False
1741811490653,82963.94,0.00107,False
1741811490667,82963.95,0.0012,True
1741811490667,82963.95,0.00614,True
1741811490763,82963.95,0.00042,True
1741811490815,82963.96,0.00014,False
1741811490815,82964.0,0.0001,False
1741811490815,82964.0,0.002,False
1741811490815,82964.0,0.0001,False
1741811490815,82964.0,0.00015,False
1741811490815,82964.04,0.0003,False
1741811490847,82963.96,0.00014,False
1741811490847,82963.98,0.00013,False
1741811490847,82964.41,0.01982,False
1741811490857,82964.41,0.00013,False
1741811490857,82964.43,0.00014,False
1741811490857,82964.43,0.00013,False
1741811490857,82964.7,0.00029,False
1741811490857,82965.09,0.00431,False
1741811490863,82965.09,0.005,False
1741811490874,82965.09,0.001,False
1741811490877,82965.09,0.0046,False
1741811490877,82965.1,0.0001,False
1741811490877,82965.91,0.0001,False
1741811490877,82965.91,0.0001,False
1741811490877,82965.91,0.0001,False
1741811490877,82965.92,0.01584,False
1741811490877,82965.92,0.01088,False
1741811490877,82966.28,0.009,False
1741811490877,82966.29,0.00012,False
1741811490877,82966.78,0.00021,False
1741811490877,82967.02,7e-05,False
1741811490877,82967.02,9e-05,False
1741811490877,82967.03,0.00346,False
1741811490882,82967.03,0.00033,False
1741811490908,82967.04,0.0001,False
1741811490908,82967.26,7e-05,False
1741811490908,82967.58,8e-05,False
1741811490908,82967.58,8e-05,False
1741811490908,82967.58,8e-05,False
1741811490908,82967.59,0.01021,False
1741811490908,82968.0,0.0001,False
1741811490908,82968.0,0.002,False
1741811490908,82968.0,0.0001,False
1741811490942,82968.0,0.00015,False
1741811490942,82968.38,0.0001,False
1741811490942,82968.42,0.0041,False
1741811490942,82968.96,0.00012,False
1741811490942,82968.96,7e-05,False
1741811490942,82968.96,7e-05,False
1741811490942,82968.96,7e-05,False
1741811490942,82968.97,0.00156,False
1741811491016,82968.97,0.00542,False
1741811491091,82968.97,0.0075,False
1741811491091,82968.97,0.00014,False
1741811491091,82968.98,9e-05,False
1741811491091,82968.99,0.00014,False
1741811491091,82968.99,0.00013,False
1741811491091,82968.99,0.00013,False
1741811491091,82969.05,0.01088,False
1741811491091,82969.14,0.00306,False
1741811491120,82969.23,7e-05,False
1741811491120,82969.62,0.00012,False
1741811491120,82969.62,0.00015,False
1741811491137,82969.63,8e-05,False
1741811491137,82969.63,0.0004,False
1741811491137,82969.63,0.00313,False
1741811491231,82969.63,0.00019,False
1741811491235,82969.63,0.06502,False
1741811491235,82969.63,0.00013,False
1741811491236,82969.65,0.00014,False
1741811491236,82969.93,0.01316,False
1741811491236,82970.28,0.00286,False
1741811491238,82970.28,0.00014,False
1741811491254,82970.62,0.00108,True
1741811491254,82970.63,0.00049,False
1741811491254,82970.64,9e-05,False
1741811491254,82970.74,9e-05,False
1741811491254,82970.74,9e-05,False
1741811491254,82970.74,9e-05,False
1741811491254,82970.76,0.00014,False
1741811491254,82970.77,0.0018,False
1741811491254,82970.79,0.00475,False
1741811491254,82970.84,0.00013,False
1741811491254,82971.4,0.00013,False
1741811491254,82971.42,0.00011,False
1741811491254,82971.53,0.00036,False
1741811491254,82971.68,0.00017,False
1741811491254,82971.69,9e-05,False
1741811491254,82971.7,0.27668,False
1741811491303,82971.7,0.00419,False
1741811491304,82971.7,0.07431,False
1741811491335,82971.7,0.01248,False
1741811491440,82971.7,0.005,False
1741811491440,82971.7,0.01,False
1741811491440,82971.7,0.01,False
1741811491440,82971.7,0.005,False
1741811491441,82971.7,0.00018,False
1741811491441,82971.7,0.00013,False
1741811491441,82971.72,0.00013,False
1741811491441,82971.74,0.00016,False
1741811491441,82971.75,0.01768,False
1741811491441,82971.78,8e-05,False
1741811491441,82972.0,0.0001,False
1741811491441,82972.0,0.002,False
1741811491441,82972.0,0.0001,False
1741811491441,82972.0,0.00015,False
1741811491441,82972.95,0.00013,False
1741811491441,82972.95,0.00011,False
1741811491441,82972.95,0.00011,False
1741811491441,82972.95,0.00011,False
1741811491441,82972.97,0.00054,False
1741811491441,82973.24,0.01088,False
1741811491441,82973.67,0.00013,False
1741811491441,82974.0,0.00018,False
1741811491441,82974.01,0.0001,False
1741811491441,82974.01,0.00011,False
1741811491441,82974.02,0.00698,False
1741811491441,82974.51,0.00035,False
1741811491472,82975.24,0.00023,False
1741811491472,82975.25,0.00012,False
1741811491472,82975.25,0.00012,False
1741811491472,82975.25,0.00012,False
1741811491472,82975.26,0.00384,False
1741811491472,82975.99,0.00026,False
1741811491472,82976.0,0.0001,False
1741811491472,82976.0,0.002,False
1741811491472,82976.0,0.0001,False
1741811491472,82976.0,0.00015,False
1741811491472,82976.14,0.00115,False
1741811491472,82976.2,0.0001,False
1741811491472,82976.21,0.00334,False
1741811491725,82976.21,0.0002,False
1741811491981,82976.2,0.0012,True
1741811492211,82976.21,0.00029,False
1741811492256,82976.2,0.03545,True
1741811492424,82976.21,0.01934,False
1741811492424,82976.21,0.02074,False
1741811492424,82976.21,0.00013,False
1741811492424,82976.21,0.02571,False
1741811492424,82976.21,0.027,False
1741811492424,82976.21,0.0248,False
1741811492424,82976.21,0.12481,False
1741811492424,82976.21,0.0097,False
1741811492424,82976.21,0.0165,False
1741811492424,82976.21,0.45,False
1741811492424,82976.21,0.45,False
1741811492424,82976.21,0.04111,False
1741811492424,82976.21,0.12694,False
1741811492424,82976.21,0.03947,False
1741811492727,82976.21,0.0002,False
1741811492728,82976.2,0.00066,True
1741811493075,82976.2,0.00034,True
1741811493081,82976.2,0.00361,True
1741811493728,82976.21,0.0002,False
1741811493828,82976.2,0.00063,True
1741811493869,82976.21,0.00155,False
1741811493969,82976.2,0.0007,True
1741811494046,82976.2,8e-05,True
1741811494127,82976.2,0.00099,True
1741811494341,82976.2,0.00353,True
1741811494597,82976.21,0.01301,False
1741811494597,82976.21,0.00013,False
1741811494597,82976.21,0.00016,False
1741811494597,82976.21,0.02178,False
1741811494597,82976.21,8e-05,False
1741811494637,82976.22,0.00013,False
1741811494637,82976.22,0.00054,False
1741811494637,82976.22,0.05336,False
1741811494729,82976.22,0.0002,False
1741811494752,82976.21,0.00124,True
1741811494983,82976.21,9e-05,True
1741811495112,82976.22,0.0063,False
1741811495617,82976.21,0.00024,True
1741811495731,82976.22,0.0002,False
1741811496806,82976.22,0.00067,False
1741811502006,82976.21,0.00012,True
1741811503764,82976.22,0.0002,False
1741811504806,82976.22,0.00059,False
1741811504806,82976.22,0.00013,False
1741811504806,82976.22,0.00057,False
1741811504806,82976.22,8e-05,False
1741811504806,82976.22,0.05563,False
1741811504806,82976.22,0.00741,False
1741811505106,82976.21,8e-05,True
1741811506646,82976.22,0.00254,False
1741811507517,82976.21,0.0002,True
1741811507517,82976.21,0.001,True
1741811507744,82976.22,0.00013,False
1741811507744,82976.22,0.00032,False
1741811507744,82976.22,7e-05,False
1741811507744,82976.22,0.05431,False
1741811507746,82976.22,0.02163,False
1741811507746,82976.23,0.00014,False
1741811507746,82976.23,0.00014,False
1741811507746,82976.24,0.00013,False
1741811507746,82976.84,0.00011,False
1741811507746,82977.07,9e-05,False
1741811507746,82977.07,9e-05,False
1741811507746,82977.07,9e-05,False
1741811507746,82977.08,0.01622,False
1741811507747,82977.08,0.06378,False
1741811507747,82977.09,0.02571,False
1741811507756,82977.76,0.0206,True
1741811507816,82977.76,0.00013,True
1741811507817,82977.77,0.01088,False
1741811507817,82977.77,0.04383,False
1741811507817,82977.78,0.00012,False
1741811507817,82977.78,0.00014,False
1741811507867,82978.61,0.01574,True
1741811507985,82978.62,7e-05,False
1741811507985,82978.62,7e-05,False
1741811507985,82978.62,5e-05,False
1741811508007,82978.61,0.02949,True
1741811509014,82978.62,0.00014,False
1741811509014,82978.62,0.00018,False
1741811510585,82978.61,9e-05,True
1741811511147,82978.62,0.01205,False
1741811511372,82978.62,0.00683,False
1741811511372,82978.62,0.00217,False
1741811511799,82978.62,0.00091,False
1741811511951,82978.61,0.0002,True
1741811512122,82978.62,0.0002,False
1741811512721,82978.61,0.00023,True
1741811513282,82978.62,0.00017,False
1741811513815,82978.61,0.00012,True
1741811514886,82978.62,0.00022,False
1741811514935,82978.62,0.00252,False
1741811515003,82978.61,0.02818,True
1741811515976,82978.62,0.00163,False
1741811517360,82978.61,0.03198,True
1741811517445,82978.62,0.01344,False
1741811517445,82978.62,0.0327,False
1741811517445,82978.62,0.00013,False
1741811517445,82978.62,0.05849,False
1741811517445,82978.62,0.02796,False
1741811517445,82978.62,0.08818,False
1741811517445,82978.62,8e-05,False
1741811517445,82978.62,0.04538,False
1741811517706,82978.62,0.00135,True
1741811517787,82978.62,0.00121,True
1741811517879,82978.62,0.00016,True
1741811518033,82978.62,0.0012,True
1741811518340,82978.63,0.00023,False
1741811518503,82978.63,0.0002,False
1741811518657,82978.62,0.02359,True
1741811518912,82978.62,0.0001,True
1741811519601,82978.62,0.04397,True
1741811519705,82978.63,9e-05,False
1741811521935,82978.62,0.0002,True
1741811522036,82978.62,0.00012,True
1741811522354,82978.63,0.00019,False
1741811523211,82978.63,0.00013,False
1741811523211,82978.63,0.00068,False
1741811523242,82978.62,0.02004,True
1741811524017,82978.63,8e-05,False
1741811524017,82978.63,0.00012,False
1741811524088,82978.62,0.00012,True
1741811524465,82978.63,0.00012,False
1741811524465,82978.63,0.00014,False
1741811524465,82978.63,0.00092,False
1741811525404,82978.63,0.00012,False
1741811525418,82978.63,1e-05,False
1741811525418,82978.63,0.0001,False
1741811525451,82978.62,0.0012,True
1741811525615,82978.63,0.00014,False
1741811525615,82978.64,0.00014,False
1741811525615,82978.64,0.00013,False
1741811525615,82978.64,0.00013,False
1741811525615,82979.59,0.0001,False
1741811525615,82979.59,0.00016,False
1741811525615,82979.59,7e-05,False
1741811525615,82979.99,0.00011,False
1741811525615,82979.99,0.00015,False
1741811525615,82980.0,0.0001,False
1741811525615,82980.0,0.002,False
1741811525615,82980.0,0.0001,False
1741811525615,82980.0,0.00015,False
1741811525615,82980.0,0.0241,False
1741811525615,82980.38,0.00025,False
1741811525615,82980.48,0.00011,False
1741811525615,82981.04,0.00011,False
1741811525652,82981.45,0.00014,False
1741811525652,82982.13,0.00022,False
1741811525652,82982.14,0.00018,False
1741811525652,82982.14,0.00018,False
1741811525652,82982.14,0.0001,False
1741811525652,82982.14,0.00016,False
1741811525652,82982.14,0.00013,False
1741811525652,82982.15,0.00339,False
1741811525652,82982.38,0.00351,False
1741811525797,82983.99,0.00014,True
1741811525927,82984.0,0.00127,False
1741811526018,82984.0,0.00073,False
1741811526018,82984.0,0.0001,False
1741811526018,82984.0,0.0001,False
1741811526018,82984.0,0.00015,False
1741811526018,82984.0,7e-05,False
1741811526018,82984.0,0.00304,False
1741811526022,82984.0,0.0002,False
1741811526115,82984.0,0.0028,False
1741811526115,82984.0,0.00014,False
1741811526115,82984.01,9e-05,False
1741811526115,82984.01,0.00014,False
1741811526115,82984.01,0.00014,False
1741811526115,82984.05,0.00014,False
1741811526115,82984.93,0.00017,False
1741811526115,82984.93,0.00012,False
1741811526115,82984.93,0.00014,False
1741811526115,82984.93,0.00014,False
1741811526115,82984.93,0.00018,False
1741811526115,82984.93,0.00014,False
1741811526115,82984.94,0.0003,False
1741811526115,82985.23,0.00013,False
1741811526115,82985.51,0.00011,False
1741811526171,82985.63,0.00016,True
1741811526345,82985.64,0.04409,False
1741811526521,82985.64,0.0002,False
1741811527156,82985.63,0.01039,True
1741811528101,82985.64,0.00032,False
1741811528594,82985.64,0.00016,False
1741811529357,82985.64,0.03937,False
1741811529936,82985.63,0.0004,True
1741811530190,82985.63,0.00014,True
1741811531090,82985.64,0.0001,False
1741811531334,82985.63,0.00449,True
1741811531501,82985.64,4e-05,False
1741811531501,82985.64,9e-05,False
1741811531501,82985.64,0.00887,False
1741811531531,82985.64,0.0002,False
1741811532359,82985.64,0.00155,False
1741811533092,82985.64,0.005,False
1741811533625,82985.63,0.00221,True
1741811533625,82985.63,7e-05,True
1741811533625,82985.63,0.00014,True
1741811533625,82985.63,7e-05,True
1741811533625,82985.63,7e-05,True
1741811533625,82985.63,0.03885,True
1741811533627,82985.63,0.04136,True
1741811533627,82985.63,0.01808,True
1741811533630,82985.63,0.00119,True
1741811533630,82985.63,0.00092,True
1741811533630,82985.63,0.0009,True
1741811533630,82985.63,0.00345,True
1741811533630,82985.63,0.04754,True
1741811533631,82985.63,0.07413,True
1741811533631,82985.63,0.11933,True
1741811533631,82985.63,0.041,True
1741811533631,82985.63,0.0241,True
1741811533631,82985.63,0.03012,True
1741811533631,82985.63,0.00069,True
1741811533631,82985.63,0.00984,True
1741811533631,82985.63,0.01052,True
1741811533632,82985.63,0.00394,True
1741811533632,82985.63,0.01718,True
1741811533632,82985.63,0.00692,True
1741811533632,82985.63,0.00288,True
1741811533632,82985.63,0.00702,True
1741811533632,82985.63,0.02022,True
1741811533632,82985.63,0.0241,True
1741811533632,82985.63,0.03012,True
1741811533632,82985.63,0.03012,True
1741811533632,82985.63,0.03012,True
1741811533632,82985.63,7e-05,True
1741811533632,82985.63,0.0001,True
1741811533632,82985.63,7e-05,True
1741811533632,82985.63,0.00083,True
1741811533632,82985.63,0.01708,True
1741811533632,82985.63,7e-05,True
1741811533632,82985.63,0.00894,True
1741811533632,82985.63,7e-05,True
1741811533632,82985.63,7e-05,True
1741811533632,82985.63,7e-05,True
1741811533632,82985.62,0.00013,True
1741811533632,82985.62,0.00013,True
1741811533632,82985.62,7e-05,True
1741811533632,82985.62,7e-05,True
1741811533632,82985.62,0.00014,True
1741811533632,82985.61,7e-05,True
1741811533632,82985.61,7e-05,True
1741811533632,82985.15,7e-05,True
1741811533632,82985.15,7e-05,True
1741811533632,82985.04,7e-05,True
1741811533632,82985.04,7e-05,True
1741811533632,82985.03,7e-05,True
1741811533634,82984.97,7e-05,True
1741811533634,82984.81,3e-05,True
1741811533636,82984.81,4e-05,True
1741811533637,82984.8,0.0101,True
1741811533637,82984.8,0.0181,True
1741811533657,82984.8,7e-05,True
1741811533657,82984.8,7e-05,True
1741811533657,82984.8,7e-05,True
1741811533657,82984.8,7e-05,True
1741811533657,82984.8,7e-05,True
1741811533657,82984.8,0.0001,True
1741811533657,82984.8,7e-05,True
1741811533657,82984.8,7e-05,True
1741811533657,82984.8,7e-05,True
1741811533657,82984.32,7e-05,True
1741811533657,82984.32,7e-05,True
1741811533657,82984.32,7e-05,True
1741811533657,82984.0,7e-05,True
1741811533657,82984.0,7e-05,True
1741811533657,82984.0,7e-05,True
1741811533657,82983.99,0.00304,True
1741811533657,82983.99,0.00101,True
1741811533657,82983.99,7e-05,True
1741811533657,82983.99,7e-05,True
1741811533657,82983.7,7e-05,True
1741811533657,82983.7,7e-05,True
1741811533657,82983.7,7e-05,True
1741811533673,82983.69,7e-05,True
1741811533673,82983.69,7e-05,True
1741811533673,82983.69,7e-05,True
1741811533673,82983.69,7e-05,True
1741811533673,82983.69,7e-05,True
1741811533673,82983.69,7e-05,True
1741811533673,82983.69,0.0001,True
1741811533673,82983.65,7e-05,True
1741811533673,82983.65,7e-05,True
1741811533687,82983.64,0.00503,True
1741811533687,82983.64,7e-05,True
1741811533687,82983.64,7e-05,True
1741811533687,82983.64,0.0001,True
1741811533687,82983.64,7e-05,True
1741811533687,82983.64,7e-05,True
1741811533687,82983.64,7e-05,True
1741811533687,82983.64,7e-05,True
1741811533687,82983.49,7e-05,True
1741811533687,82983.49,7e-05,True
1741811533687,82983.49,7e-05,True
1741811533687,82983.23,8e-05,True
1741811533687,82983.23,8e-05,True
1741811533687,82983.23,8e-05,True
1741811533687,82983.23,7e-05,True
1741811533687,82983.23,7e-05,True
1741811533689,82982.66,7e-05,True
1741811533689,82982.66,7e-05,True
1741811533689,82982.13,7e-05,True
1741811533689,82982.13,7e-05,True
1741811533691,82981.86,7e-05,True
1741811533691,82981.86,7e-05,True
1741811533705,82981.61,7e-05,True
1741811533705,82981.61,7e-05,True
1741811533705,82981.61,0.0001,True
1741811533705,82981.61,7e-05,True
1741811533705,82981.61,7e-05,True
1741811533705,82981.61,7e-05,True
1741811533705,82981.61,7e-05,True
1741811533705,82981.61,8e-05,True
1741811533705,82981.61,8e-05,True
1741811533705,82981.61,8e-05,True
1741811533705,82981.61,0.00011,True
1741811533707,82981.44,7e-05,True
1741811533707,82981.44,7e-05,True
1741811533716,82981.43,0.0146,True
1741811533716,82981.43,7e-05,True
1741811533716,82981.43,7e-05,True
1741811533716,82981.43,0.0001,True
1741811533716,82981.43,7e-05,True
1741811533716,82981.43,7e-05,True
1741811533716,82981.43,7e-05,True
1741811533716,82981.43,7e-05,True
1741811533716,82981.03,7e-05,True
1741811533716,82981.03,7e-05,True
1741811533716,82980.56,7e-05,True
1741811533716,82980.56,7e-05,True
1741811533716,82980.56,7e-05,True
1741811534098,82980.56,0.00014,False
1741811534098,82980.56,0.0002,False
1741811534098,82980.56,0.00057,False
1741811534098,82980.56,0.01361,False
1741811534098,82980.57,0.00013,False
1741811534098,82980.57,0.00013,False
1741811534098,82980.57,0.00013,False
1741811534098,82980.99,7e-05,False
1741811534107,82983.64,0.0001,False
1741811534107,82983.64,0.0001,False
1741811534107,82983.64,0.0001,False
1741811534107,82983.65,0.0001,False
1741811534107,82985.64,7e-05,False
1741811534107,82985.71,7e-05,False
1741811534107,82986.26,8e-05,False
1741811534107,82986.48,7e-05,False
1741811534107,82987.62,0.00023,False
1741811534107,82987.63,9e-05,False
1741811534107,82987.63,0.0001,False
1741811534107,82987.63,0.00015,False
1741811534107,82987.63,0.0001,False
1741811534159,82987.85,0.00345,True
1741811534225,82987.86,0.01364,False
1741811534225,82987.86,0.10856,False
1741811534257,82987.86,0.00794,False
1741811534280,82987.87,0.00021,False
1741811534280,82987.87,0.00013,False
1741811534280,82987.87,0.00014,False
1741811534280,82987.87,0.00013,False
1741811534280,82987.87,0.02074,False
1741811534280,82987.87,0.00014,False
1741811534280,82987.89,0.00021,False
1741811534280,82987.89,0.00021,False
1741811534280,82987.89,0.00021,False
1741811534280,82987.9,0.003,False
1741811534394,82987.96,0.00188,True
1741811534394,82987.97,0.002,False
1741811534549,82987.96,0.02263,True
1741811534551,82987.97,0.0002,False
1741811534939,82987.96,0.00098,True
1741811535175,82987.97,0.00215,False
1741811535175,82987.97,0.00013,False
1741811535175,82987.97,0.01084,False
1741811535363,82987.97,0.00155,False
1741811535373,82987.96,0.03668,True
1741811535467,82987.96,7e-05,True
1741811535467,82987.96,7e-05,True
1741811535467,82987.96,7e-05,True
1741811535467,82987.96,7e-05,True
1741811535467,82987.96,0.00014,True
1741811535467,82987.96,0.0001,True
1741811535467,82987.96,7e-05,True
1741811535467,82987.96,7e-05,True
1741811535467,82987.96,0.01926,True
1741811535467,82987.96,0.00043,True
1741811535467,82987.96,0.0001,True
1741811535467,82987.95,0.00013,True
1741811535467,82987.95,0.00013,True
1741811535467,82987.95,0.00014,True
1741811535467,82987.95,7e-05,True
1741811535467,82987.95,7e-05,True
1741811535467,82987.91,7e-05,True
1741811535467,82987.91,7e-05,True
1741811535467,82987.9,7e-05,True
1741811535467,82987.9,7e-05,True
1741811535467,82987.89,7e-05,True
1741811535467,82987.89,7e-05,True
1741811535467,82987.88,7e-05,True
1741811535467,82987.87,7e-05,True
1741811535467,82987.86,7e-05,True
1741811535467,82987.86,7e-05,True
1741811535467,82987.86,0.0001,True
1741811535467,82987.86,0.0001,True
1741811535467,82987.86,0.00011,True
1741811535543,82987.86,0.0002,False
1741811535910,82987.85,0.00014,True
1741811536299,82987.85,0.01123,True
1741811536561,82987.86,0.00011,False
1741811536811,82987.85,0.00272,True
1741811536812,82987.85,0.00125,True
1741811537016,82987.85,0.00067,True
1741811537098,82987.85,0.00118,True
1741811537510,82987.85,0.0012,True
1741811538201,82987.85,9e-05,True
1741811538521,82987.85,0.00132,True
1741811538706,82987.85,0.00347,True
1741811539074,82987.86,0.00036,False
1741811539227,82987.86,0.00012,False
1741811539578,82987.85,0.00047,True
1741811541246,82987.86,0.00133,False
1741811541453,82987.85,7e-05,True
1741811541453,82987.85,4e-05,True
1741811541701,82987.85,3e-05,True
1741811541701,82987.85,7e-05,True
1741811541701,82987.85,0.00014,True
1741811541701,82987.85,7e-05,True
1741811541701,82987.85,7e-05,True
1741811541701,82987.85,0.0001,True
1741811542448,82987.85,0.0001,True
1741811542448,82987.85,6e-05,True
1741811543017,82987.85,1e-05,True
1741811543017,82987.85,0.03012,True
1741811543017,82987.85,0.02409,True
1741811543017,82987.85,0.01688,True
1741811543017,82987.85,0.03012,True
1741811543017,82987.85,0.00052,True
1741811543017,82987.85,0.00069,True
1741811543017,82987.85,7e-05,True
1741811543017,82987.85,7e-05,True
1741811543017,82987.85,7e-05,True
1741811543017,82987.85,7e-05,True
1741811543017,82987.85,7e-05,True
1741811543017,82987.85,0.0001,True
1741811543017,82987.85,0.00013,True
1741811543019,82987.84,0.00013,True
1741811543019,82987.84,7e-05,True
1741811543019,82987.84,7e-05,True
1741811543019,82987.84,0.00014,True
1741811543019,82987.84,0.00014,True
1741811543019,82987.65,7e-05,True
1741811543019,82987.65,7e-05,True
1741811543019,82987.65,7e-05,True
1741811543019,82987.41,7e-05,True
1741811543019,82987.41,7e-05,True
1741811543019,82987.18,7e-05,True
1741811543019,82987.18,7e-05,True
1741811543019,82987.03,7e-05,True
1741811543019,82987.02,7e-05,True
1741811543019,82986.98,7e-05,True
1741811543019,82986.82,7e-05,True
1741811543019,82984.96,7e-05,True
1741811543019,82984.96,0.0001,True
1741811543019,82984.96,8e-05,True
1741811543019,82984.96,8e-05,True
1741811543019,82984.95,0.03024,True
1741811543020,82984.95,0.07202,True
1741811543023,82984.95,0.01824,True
1741811543023,82984.95,0.0001,True
1741811543023,82984.95,7e-05,True
1741811543023,82984.95,7e-05,True
1741811543023,82984.95,7e-05,True
1741811543023,82984.95,7e-05,True
1741811543023,82984.95,7e-05,True
1741811543023,82984.95,7e-05,True
1741811543026,82984.95,7e-05,True
1741811543026,82984.95,7e-05,True
1741811543026,82984.95,7e-05,True
1741811543026,82984.95,7e-05,True
1741811543026,82984.95,0.0001,True
1741811543027,82984.92,0.00014,True
1741811543027,82984.32,7e-05,True
1741811543027,82984.32,7e-05,True
1741811543027,82983.48,0.00021,True
1741811543027,82983.48,0.00021,True
1741811543027,82983.48,0.00021,True
1741811543027,82982.66,7e-05,True
1741811543027,82982.66,7e-05,True
1741811543027,82982.66,7e-05,True
1741811543027,82981.81,8e-05,True
1741811543027,82981.81,7e-05,True
1741811543027,82981.81,7e-05,True
1741811543027,82981.38,7e-05,True
1741811543027,82981.38,7e-05,True
1741811543027,82981.38,7e-05,True
1741811543060,82981.37,0.00504,True
1741811543060,82981.37,8e-05,True
1741811543060,82981.37,9e-05,True
1741811543060,82981.37,8e-05,True
1741811543060,82981.37,7e-05,True
1741811543060,82981.37,7e-05,True
1741811543060,82981.37,7e-05,True
1741811543060,82981.37,7e-05,True
1741811543060,82981.37,0.0001,True
1741811543060,82981.37,7e-05,True
1741811543060,82981.37,7e-05,True
1741811543060,82981.37,0.00304,True
1741811543060,82981.34,0.00018,True
1741811543060,82981.34,7e-05,True
1741811543060,82981.34,7e-05,True
1741811543060,82981.29,7e-05,True
1741811543060,82981.29,7e-05,True
1741811543060,82981.29,7e-05,True
1741811543060,82981.29,0.00011,True
1741811543060,82981.29,0.00011,True
1741811543060,82981.29,0.00011,True
1741811543060,82981.28,0.00502,True
1741811543060,82981.28,7e-05,True
1741811543060,82981.28,7e-05,True
1741811543060,82979.25,7e-05,True
1741811543060,82979.25,7e-05,True
1741811543060,82979.07,0.00013,True
1741811543060,82979.07,7e-05,True
1741811543060,82978.63,0.00079,True
1741811543060,82978.63,7e-05,True
1741811543060,82978.63,7e-05,True
1741811543060,82978.62,0.00666,True
1741811543060,82978.62,7e-05,True
1741811543060,82978.61,0.00112,True
1741811543060,82978.6,0.00447,True
1741811543060,82978.6,0.00447,True
1741811543060,82978.6,0.00447,True
1741811543060,82978.6,8e-05,True
1741811543060,82978.54,7e-05,True
1741811543060,82978.53,0.08116,True
1741811543308,82978.53,7e-05,True
1741811543308,82978.53,7e-05,True
1741811543308,82978.53,7e-05,True
1741811543308,82978.53,7e-05,True
1741811543308,82978.53,0.00059,True
1741811543328,82978.53,0.0122,True
1741811543328,82978.53,7e-05,True
1741811543328,82978.53,7e-05,True
1741811543328,82978.53,0.00073,True
1741811543328,82978.53,0.00073,True
1741811543328,82978.53,0.00013,True
1741811543328,82978.53,0.0001,True
1741811543328,82978.53,0.001,True
1741811543328,82978.53,7e-05,True
1741811543328,82978.53,7e-05,True
1741811543328,82978.53,7e-05,True
1741811543328,82978.53,7e-05,True
1741811543328,82978.52,0.00014,True
1741811543328,82978.52,7e-05,True
1741811543328,82978.52,7e-05,True
1741811543328,82978.52,0.00014,True
1741811543328,82978.52,0.00013,True
1741811543328,82978.5,0.00014,True
1741811543328,82978.5,7e-05,True
1741811543328,82978.5,7e-05,True
1741811543328,82978.5,7e-05,True
1741811543328,82978.04,7e-05,True
1741811543328,82978.04,7e-05,True
1741811543328,82977.89,0.00017,True
1741811543328,82977.89,0.00017,True
1741811543328,82977.89,0.00017,True
1741811543328,82977.89,7e-05,True
1741811543328,82977.89,7e-05,True
1741811543328,82977.8,7e-05,True
1741811543328,82977.67,7e-05,True
1741811543328,82977.67,7e-05,True
1741811543328,82977.49,0.00013,True
1741811543328,82977.49,7e-05,True
1741811543328,82977.33,0.003,True
1741811543328,82976.84,7e-05,True
1741811543328,82976.22,7e-05,True
1741811543328,82976.21,0.00446,True
1741811543328,82976.21,0.00446,True
1741811543328,82976.21,0.00034,True
1741811543328,82976.21,0.0001,True
1741811543328,82976.21,0.00446,True
1741811543328,82976.21,0.00446,True
1741811543328,82976.21,0.00446,True
1741811543328,82976.21,0.00446,True
1741811543328,82976.21,0.00446,True
1741811543328,82976.21,0.00446,True
1741811543328,82976.21,0.00446,True
1741811543328,82976.21,0.00312,True
1741811543328,82976.21,0.00446,True
1741811543328,82976.21,0.00446,True
1741811543328,82976.21,0.00446,True
1741811543328,82976.21,0.00446,True
1741811543328,82976.21,0.00131,True
1741811543328,82976.01,7e-05,True
1741811543328,82974.09,7e-05,True
1741811543328,82974.09,7e-05,True
1741811543328,82974.09,7e-05,True
1741811543328,82974.09,8e-05,True
1741811543626,82974.08,0.00032,True
1741811543781,82974.09,0.00105,False
1741811543782,82974.09,0.00724,False
1741811543782,82974.09,0.00723,False
1741811543783,82974.09,0.00057,False
1741811543786,82974.08,0.00217,True
1741811543786,82974.08,0.00264,True
1741811543786,82974.08,0.00527,True
1741811544762,82974.08,0.0027,True
1741811544995,82974.08,0.00839,True
1741811545085,82974.08,0.00015,True
1741811545085,82974.08,0.03943,True
1741811545085,82974.08,7e-05,True
1741811545085,82974.08,7e-05,True
1741811545085,82974.08,0.05153,True
1741811547374,82974.08,0.00019,True
1741811547412,82974.08,0.0014,True
1741811548114,82974.09,0.00683,False
1741811548234,82974.09,0.00038,False
1741811548385,82974.08,0.02418,True
1741811548385,82974.08,0.027,True
1741811548385,82974.08,0.01273,True
1741811548404,82974.09,0.06085,False
1741811548404,82974.09,0.09237,False
1741811548404,82974.09,0.00514,False
1741811548404,82974.09,0.16125,False
1741811548405,82974.09,0.14004,False
1741811548405,82974.09,0.00014,False
1741811548405,82974.09,0.15682,False
1741811548405,82974.09,0.04318,False
1741811548405,82974.09,7e-05,False
1741811548405,82974.09,0.00013,False
1741811548405,82974.09,0.0489,False
1741811548405,82974.09,0.06543,False
1741811548405,82974.09,0.0009,False
1741811548405,82974.09,0.00037,False
1741811548405,82974.09,0.0001,False
1741811548405,82974.09,0.0009,False
1741811548406,82974.09,0.0001,False
1741811548408,82974.1,0.00014,False
1741811548408,82974.1,0.00014,False
1741811548408,82974.1,0.00013,False
1741811548424,82981.54,0.00503,False
1741811548424,82981.54,0.00127,False
1741811548424,82981.54,0.0001,False
1741811548424,82981.55,0.00014,False
1741811548424,82981.55,0.00014,False
1741811548424,82981.99,0.00019,False
1741811548424,82981.99,0.00019,False
1741811548424,82981.99,0.00019,False
1741811548433,82982.18,7e-05,True
1741811548437,82982.19,8e-05,False
1741811548437,82982.19,0.0001,False
1741811548437,82982.19,0.00109,False
1741811548468,82983.82,7e-05,True
1741811548562,82983.83,0.00093,False
1741811548562,82983.83,0.00268,False
1741811548564,82983.83,0.00019,False
1741811548667,82983.82,0.00055,True
1741811548698,82983.83,8e-05,False
1741811549559,82983.83,0.00131,False
1741811550299,82983.82,0.00361,True
1741811550628,82983.82,0.00063,True
1741811551237,82983.82,0.00208,True
1741811551538,82983.83,0.00302,False
1741811551538,82983.83,0.00099,False
1741811552587,82983.83,1e-05,False
1741811552587,82983.83,0.00014,False
1741811552587,82983.83,0.0073,False
1741811552747,82983.82,0.00884,True
1741811553257,82983.82,0.00351,True
1741811553269,82983.82,0.00898,True
1741811553936,82983.82,0.00121,True
1741811554315,82983.83,0.00222,False
1741811554315,82983.83,0.00237,False
1741811554315,82983.83,0.00237,False
1741811554315,82983.83,0.00237,False
1741811554315,82983.83,0.00453,False
1741811554316,82983.83,0.00474,False
1741811554316,82983.83,0.00414,False
1741811554317,82983.83,0.00073,False
1741811554797,82983.83,0.0006,False
1741811555535,82983.83,0.00098,False
1741811555535,82983.83,0.0004,False
1741811555773,82983.82,0.05,True
1741811555773,82983.82,0.1019,True
1741811555830,82983.82,9e-05,True
1741811556261,82983.82,0.00221,True
1741811556381,82983.82,0.00916,True
1741811556381,82983.82,0.00893,True
1741811556398,82983.83,0.00013,False
1741811556715,82983.83,0.0001,False
1741811556715,82983.83,4e-05,False
1741811557083,82983.83,3e-05,False
1741811557083,82983.83,9e-05,False
1741811557083,82983.83,8e-05,False
1741811557101,82983.83,0.00037,False
1741811557101,82983.83,2e-05,False
1741811558499,82983.82,0.00077,True
1741811558499,82983.82,0.0001,True
1741811558499,82983.82,0.00034,True
1741811558519,82983.82,0.00443,True
1741811558635,82983.82,0.00138,True
1741811558862,82983.83,0.00018,False
1741811558862,82983.83,9e-05,False
1741811558862,82983.83,2e-05,False
1741811558993,82983.83,7e-05,False
1741811558993,82983.83,9e-05,False
1741811558993,82983.83,0.00013,False
1741811558993,82983.83,0.00122,False
1741811558993,82983.83,0.0001,False
1741811558993,82983.83,0.0001,False
1741811558993,82983.83,0.0097,False
1741811558993,82983.84,0.00012,False
1741811558993,82983.84,0.00014,False
1741811558993,82983.84,0.00013,False
1741811558993,82983.84,0.00013,False
1741811558993,82984.28,0.00011,False
1741811559176,82984.77,0.0001,False
1741811559176,82984.77,8e-05,False
1741811559369,82984.77,0.0026,False
1741811559439,82984.77,0.00068,False
1741811559478,82984.76,0.0001,True
1741811559515,82984.77,0.0001,False
1741811559551,82984.77,4e-05,False
1741811559551,82984.77,0.0001,False
1741811559551,82984.77,0.00143,False
1741811559684,82984.76,0.00098,True
1741811560055,82984.76,0.0001,True
1741811560632,82984.77,0.00047,False
1741811560894,82984.77,0.00087,False
1741811560895,82984.77,0.0006,False
1741811561020,82984.77,0.00637,False
1741811561090,82984.77,0.0002,False
1741811561347,82984.76,0.0012,True
1741811561498,82984.76,0.00891,True
1741811561954,82984.76,0.00025,True
1741811562084,82984.77,0.00306,False
1741811562333,82984.77,0.0001,False
1741811562333,82984.77,0.00013,False
1741811562333,82984.78,0.00014,False
1741811562333,82984.78,0.00014,False
1741811562333,82984.79,0.00014,False
1741811562333,82984.92,0.01393,False
1741811562333,82985.14,7e-05,False
1741811562333,82985.2,0.00587,False
1741811562333,82985.42,8e-05,False
1741811562333,82985.42,8e-05,False
1741811562333,82985.42,8e-05,False
1741811562333,82985.42,8e-05,False
1741811562333,82985.47,0.0001,False
1741811562333,82985.48,0.03467,False
1741811562360,82985.74,9e-05,False
1741811562360,82985.74,9e-05,False
1741811562360,82985.74,0.0001,False
1741811562360,82985.74,0.01563,False
1741811562366,82985.98,0.0001,False
1741811562366,82986.44,0.0115,False
1741811562406,82986.44,0.0001,False
1741811562406,82986.44,0.02401,False
1741811562442,82986.82,7e-05,False
1741811562442,82986.82,7e-05,False
1741811562442,82986.82,7e-05,False
1741811562442,82986.82,9e-05,False
1741811562442,82986.82,0.00014,False
1741811562442,82986.84,0.00286,False
1741811562480,82986.84,0.00014,False
1741811562480,82986.84,0.00013,False
1741811562594,82987.86,0.00019,False
1741811562755,82987.86,0.00819,False
1741811562755,82987.86,0.0001,False
1741811562755,82987.86,0.0001,False
1741811562755,82987.86,0.00014,False
1741811562755,82987.87,0.00011,False
1741811562755,82987.87,0.00013,False
1741811562755,82987.88,0.00013,False
1741811562755,82988.0,0.002,False
1741811562755,82988.0,0.0001,False
1741811562755,82988.0,0.0001,False
1741811562755,82988.0,0.00015,False
1741811562755,82988.47,7e-05,False
1741811562755,82988.68,8e-05,False
1741811562755,82989.85,0.00013,False
1741811562755,82989.87,8e-05,False
1741811562755,82990.13,7e-05,False
1741811563999,82990.36,0.00322,True
1741811564445,82990.36,0.0012,True
1741811565047,82990.37,0.00361,False
1741811565283,82990.36,0.00011,True
1741811565293,82990.37,0.00014,False
1741811565668,82990.37,0.0001,False
1741811565668,82990.37,0.00018,False
1741811565668,82990.37,0.00018,False
1741811565668,82990.37,0.00018,False
1741811565668,82990.37,0.00018,False
1741811565668,82990.37,0.00012,False
1741811565668,82990.37,0.00147,False
1741811565784,82990.37,0.02581,False
1741811565784,82990.37,0.00753,False
1741811566436,82990.36,0.01049,True
1741811567006,82990.36,0.0036,True
1741811567204,82990.37,0.00017,False
1741811567513,82990.36,0.0012,True
1741811567547,82990.36,0.00171,True
1741811567659,82990.37,0.00023,False
1741811567949,82990.36,0.00031,True
1741811568211,82990.37,0.00643,False
1741811568421,82990.36,0.00061,True
1741811568806,82990.37,0.00014,False
1741811568806,82990.37,0.00047,False
1741811568806,82990.37,9e-05,False
1741811568806,82990.37,0.03105,False
1741811568806,82990.37,0.0001,False
1741811568806,82990.38,0.00012,False
1741811568806,82990.38,0.00013,False
1741811568806,82990.39,0.00013,False
1741811568806,82990.39,0.00013,False
1741811568806,82990.97,0.00023,False
1741811568806,82991.69,7e-05,False
1741811568806,82991.79,0.0003,False
1741811568806,82992.0,0.002,False
1741811568806,82992.0,0.0001,False
1741811568806,82992.0,0.0001,False
1741811568806,82992.0,0.00015,False
1741811568806,82992.91,0.00013,False
1741811568806,82992.91,0.00013,False
1741811568806,82992.91,0.00013,False
1741811568806,82992.92,0.00012,False
1741811568806,82992.93,0.00014,False
1741811568808,82993.9,8e-05,False
1741811568810,82995.0,0.00028,False
1741811568810,82995.02,4e-05,False
1741811568812,82995.08,9e-05,False
1741811568812,82995.08,9e-05,False
1741811568812,82995.09,0.01112,False
1741811568812,82995.09,0.00729,False
1741811568819,82995.09,0.0001,False
1741811568819,82996.0,0.0001,False
1741811568819,82996.0,0.002,False
1741811568819,82996.0,0.0001,False
1741811568819,82996.0,5e-05,False
1741811568829,82995.55,0.00344,False
1741811568831,82995.55,0.03056,False
1741811568831,82995.98,0.00028,False
1741811568831,82995.99,0.00038,False
1741811568831,82995.99,0.00015,False
1741811568831,82995.99,0.00015,False
1741811568831,82995.99,0.00015,False
1741811568838,82996.0,0.0001,False
1741811568838,82996.0,0.0001,False
1741811568838,82996.33,7e-05,False
1741811568838,82996.56,0.00339,False
1741811568838,82996.67,0.00324,False
1741811568839,82996.67,0.00181,False
1741811568839,82997.17,0.00091,False
1741811568839,82997.19,0.00091,False
1741811568839,82998.14,0.0001,False
1741811568839,82998.14,0.00023,False
1741811568839,82998.15,8e-05,False
1741811568839,82998.15,0.00017,False
1741811568839,82998.25,8e-05,False
1741811568865,82998.3,0.00079,False
1741811568869,82998.3,0.0131,False
1741811568869,82998.3,0.0001,False
1741811568869,82998.3,0.00014,False
1741811568869,82998.31,0.00012,False
1741811568869,82998.32,0.00014,False
1741811568869,82998.5,0.0003,False
1741811568869,82999.14,0.00048,False
1741811568869,82999.14,0.00016,False
1741811568869,82999.14,0.00021,False
1741811568869,82999.14,0.00016,False
1741811568869,82999.14,0.00016,False
1741811568869,82999.15,0.00959,False
1741811568869,82999.9,0.01862,False
1741811568904,82999.9,0.00019,False
1741811568911,82999.9,0.00991,False
1741811568958,82999.9,0.011,False
1741811568966,82999.9,0.011,False
1741811569096,82999.9,0.00027,False
1741811569096,82999.9,0.00029,False
1741811569142,82999.89,0.0014,True
1741811569142,82999.89,0.00473,True
1741811569662,82999.89,0.0002,True
1741811570574,82999.89,0.00013,True
1741811570718,82999.89,0.00578,True
1741811570799,82999.89,0.00307,True
1741811571386,82999.9,0.00301,False
1741811571704,82999.89,0.00013,True
1741811571704,82999.89,0.07757,True
1741811572004,82999.89,0.22363,True
1741811572004,82999.89,7e-05,True
1741811572004,82999.89,0.001,True
1741811572004,82999.89,0.0993,True
1741811572004,82999.89,0.08258,True
1741811572006,82999.89,0.02679,True
1741811572007,82999.89,0.01249,True
1741811572007,82999.89,6e-05,True
1741811572014,82999.89,1e-05,True
1741811572014,82999.89,0.0002,True
1741811572014,82999.89,0.00345,True
1741811572014,82999.89,0.00303,True
1741811572014,82999.89,0.00092,True
1741811572014,82999.89,0.0002,True
1741811572014,82999.89,0.0009,True
1741811572014,82999.89,7e-05,True
1741811572014,82999.89,7e-05,True
1741811572014,82999.89,0.00013,True
1741811572014,82999.89,0.00959,True
1741811572014,82999.89,0.00571,True
1741811572019,82999.89,0.0001,True
1741811572051,82999.89,7e-05,True
1741811572051,82999.89,0.00013,True
1741811572080,82999.89,0.00065,True
1741811572080,82999.89,0.00434,True
1741811572080,82999.89,7e-05,True
1741811572080,82999.89,0.0001,True
1741811572080,82999.89,0.00017,True
1741811572080,82999.89,7e-05,True
1741811572080,82999.89,0.00014,True
1741811572080,82999.89,7e-05,True
1741811572080,82999.89,7e-05,True
1741811572080,82999.89,7e-05,True
1741811572080,82999.89,7e-05,True
1741811572080,82999.89,0.0001,True
1741811572080,82999.89,7e-05,True
1741811572080,82999.89,0.0001,True
1741811572080,82999.89,0.0001,True
1741811572080,82999.89,0.00013,True
1741811572080,82999.89,0.00434,True
1741811572080,82999.89,0.00194,True
1741811572080,82999.88,0.00013,True
1741811572080,82999.88,7e-05,True
1741811572080,82999.88,7e-05,True
1741811572080,82999.88,0.00013,True
1741811572080,82999.79,7e-05,True
1741811572080,82999.79,7e-05,True
1741811572080,82999.78,7e-05,True
1741811572080,82999.78,7e-05,True
1741811572080,82999.29,7e-05,True
1741811572080,82999.29,7e-05,True
1741811572080,82999.29,7e-05,True
1741811572080,82999.13,7e-05,True
1741811572080,82999.1,7e-05,True
1741811572080,82999.08,7e-05,True
1741811572080,82999.07,8e-05,True
1741811572080,82999.07,8e-05,True
1741811572180,82994.87,7e-05,True
1741811572180,82994.87,7e-05,True
1741811572180,82994.87,7e-05,True
1741811572180,82994.87,7e-05,True
1741811572180,82994.87,7e-05,True
1741811572180,82994.87,0.0002,True
1741811572180,82994.87,0.00016,True
1741811572180,82994.87,0.0002,True
1741811572180,82994.87,0.0002,True
1741811572180,82994.87,7e-05,True
1741811572180,82994.87,0.00014,True
1741811572180,82994.87,0.0001,True
1741811572180,82994.87,7e-05,True
1741811572180,82994.87,5e-05,True
1741811572405,82994.87,0.00086,True
1741811572405,82994.87,7e-05,True
1741811572405,82994.87,0.0001,True
1741811572405,82994.87,7e-05,True
1741811572405,82994.87,7e-05,True
1741811572405,82994.87,7e-05,True
1741811572405,82994.87,7e-05,True
1741811572405,82994.87,7e-05,True
1741811572405,82994.87,7e-05,True
1741811572405,82994.87,0.0009,True
1741811572405,82994.87,0.00014,True
1741811572405,82994.87,7e-05,True
1741811572405,82994.86,7e-05,True
1741811572405,82994.86,7e-05,True
1741811572405,82994.86,0.00014,True
1741811572405,82994.86,0.00013,True
1741811572405,82994.86,0.00013,True
1741811572405,82994.46,7e-05,True
1741811572405,82994.46,7e-05,True
1741811572405,82994.45,7e-05,True
1741811572405,82994.45,7e-05,True
1741811572405,82994.3,7e-05,True
1741811572405,82994.3,7e-05,True
1741811572405,82994.3,7e-05,True
1741811572405,82993.78,8e-05,True
1741811572405,82993.78,7e-05,True
1741811572405,82992.81,7e-05,True
1741811572405,82992.81,7e-05,True
1741811572405,82992.8,0.00504,True
1741811572405,82992.8,7e-05,True
1741811572405,82992.64,7e-05,True
1741811572405,82992.25,7e-05,True
1741811572405,82992.25,0.00013,True
1741811572405,82992.25,0.00013,True
1741811572405,82992.25,0.00013,True
1741811572405,82992.25,7e-05,True
1741811572405,82992.25,7e-05,True
1741811572605,82992.24,0.00345,True
1741811573217,82992.24,0.0001,True
1741811573217,82992.24,7e-05,True
1741811573217,82992.24,7e-05,True
1741811573217,82992.24,7e-05,True
1741811573217,82992.24,7e-05,True
1741811573217,82992.24,7e-05,True
1741811573217,82992.24,7e-05,True
1741811573217,82992.24,0.00014,True
1741811573217,82992.24,0.0001,True
1741811573217,82992.24,0.0001,True
1741811573217,82992.24,7e-05,True
1741811573217,82992.24,0.0001,True
1741811573217,82992.24,0.0001,True
1741811573217,82992.23,0.00014,True
1741811573217,82992.23,7e-05,True
1741811573217,82992.23,7e-05,True
1741811573217,82992.23,0.00014,True
1741811573217,82992.23,0.00014,True
1741811573217,82992.23,0.00014,True
1741811573217,82992.1,7e-05,True
1741811573217,82992.1,7e-05,True
1741811573217,82992.09,7e-05,True
1741811573217,82992.09,7e-05,True
1741811573217,82992.08,7e-05,True
1741811573217,82992.08,7e-05,True
1741811573217,82991.81,7e-05,True
1741811573217,82991.81,7e-05,True
1741811573217,82991.78,7e-05,True
1741811573217,82991.59,0.003,True
1741811573217,82991.59,7e-05,True
1741811573217,82991.19,0.00139,True
1741811573217,82990.97,7e-05,True
1741811573217,82990.37,7e-05,True
1741811573217,82990.36,0.00067,True
1741811573217,82990.36,0.00434,True
1741811573217,82990.36,0.00157,True
1741811573217,82990.36,0.00434,True
1741811573217,82990.36,0.00434,True
1741811573217,82990.36,0.00434,True
1741811573217,82990.36,0.00434,True
1741811573217,82990.36,0.00194,True
1741811573217,82990.14,7e-05,True
1741811573217,82990.13,0.00434,True
1741811573217,82990.13,0.00434,True
1741811573217,82990.13,0.00434,True
1741811573217,82990.13,0.0001,True
1741811573217,82989.86,0.00013,True
1741811573217,82989.43,0.00011,True
1741811573217,82989.43,0.00011,True
1741811573217,82989.43,7e-05,True
1741811573237,82989.42,0.0001,True
1741811573237,82989.42,7e-05,True
1741811573237,82989.42,7e-05,True
1741811573237,82989.42,7e-05,True
1741811573237,82989.42,7e-05,True
1741811573237,82989.42,7e-05,True
1741811573237,82989.42,7e-05,True
1741811573237,82989.41,0.00014,True
1741811573237,82989.41,7e-05,True
1741811573237,82989.41,7e-05,True
1741811573237,82989.31,7e-05,True
1741811573237,82989.31,7e-05,True
1741811573237,82989.31,7e-05,True
1741811573237,82989.0,7e-05,True
1741811573237,82989.0,7e-05,True
1741811573237,82989.0,7e-05,True
1741811573237,82989.0,7e-05,True
1741811573237,82989.0,7e-05,True
1741811573237,82989.0,0.00017,True
1741811573237,82989.0,0.00017,True
1741811573237,82989.0,0.00017,True
1741811573255,82988.99,7e-05,True
1741811573255,82988.99,7e-05,True
1741811573255,82988.99,0.0001,True
1741811573255,82988.99,7e-05,True
1741811573255,82988.99,7e-05,True
1741811573255,82988.99,7e-05,True
1741811573255,82988.99,7e-05,True
1741811573255,82988.18,0.00013,True
1741811573255,82988.18,0.00013,True
1741811573255,82988.18,7e-05,True
1741811573255,82988.18,7e-05,True
1741811573255,82987.68,7e-05,True
1741811573255,82987.68,7e-05,True
1741811573255,82987.65,7e-05,True
1741811573255,82987.65,7e-05,True
1741811573255,82987.65,7e-05,True
1741811573255,82987.45,7e-05,True
1741811573255,82987.45,7e-05,True
1741811573255,82987.45,7e-05,True
1741811573255,82987.44,0.01439,True
1741811573255,82987.44,7e-05,True
1741811573255,82986.65,7e-05,True
1741811573255,82986.65,7e-05,True
1741811573255,82986.64,7e-05,True
1741811573255,82986.64,7e-05,True
1741811573255,82986.64,7e-05,True
1741811573255,82986.64,7e-05,True
1741811573284,82986.63,7e-05,True
1741811573284,82986.63,7e-05,True
1741811573284,82986.63,0.0001,True
1741811573284,82986.63,7e-05,True
1741811573284,82986.63,7e-05,True
1741811573284,82986.63,7e-05,True
1741811573284,82986.63,7e-05,True
1741811573284,82986.62,0.00014,True
1741811573284,82986.62,7e-05,True
1741811573284,82986.62,7e-05,True
1741811573284,82986.6,7e-05,True
1741811573284,82986.6,7e-05,True
1741811573284,82986.59,7e-05,True
1741811573284,82986.59,7e-05,True
1741811573284,82986.13,0.00014,True
1741811573284,82986.13,0.00014,True
1741811573284,82986.13,0.00014,True
1741811573284,82986.13,7e-05,True
1741811573284,82986.13,7e-05,True
1741811573293,82986.12,7e-05,True
1741811573293,82986.12,0.0001,True
1741811573293,82986.12,0.00722,True
1741811573293,82986.12,7e-05,True
1741811573293,82986.12,7e-05,True
1741811573293,82986.12,7e-05,True
1741811573293,82986.12,7e-05,True
1741811573293,82986.12,7e-05,True
1741811573293,82986.12,8e-05,True
1741811573293,82986.05,7e-05,True
1741811573293,82986.05,7e-05,True
1741811573293,82986.05,7e-05,True
1741811573319,82986.04,0.00016,True
1741811573368,82986.05,0.00057,False
1741811573396,82986.04,7e-05,True
1741811573396,82986.04,0.0001,True
1741811573396,82986.04,7e-05,True
1741811573396,82986.04,7e-05,True
1741811573396,82986.04,7e-05,True
1741811573396,82986.04,7e-05,True
1741811573396,82986.04,7e-05,True
1741811573396,82986.04,0.00091,True
1741811573396,82986.03,0.00014,True
1741811573396,82986.03,7e-05,True
1741811573396,82986.03,7e-05,True
1741811573396,82986.03,0.00014,True
1741811573396,82985.99,7e-05,True
1741811573396,82985.99,7e-05,True
1741811573396,82985.99,7e-05,True
1741811573396,82985.56,0.00133,True
1741811573396,82985.56,7e-05,True
1741811573396,82985.56,7e-05,True
1741811573396,82985.36,7e-05,True
1741811573396,82985.36,7e-05,True
1741811573396,82985.36,7e-05,True
1741811573396,82985.35,0.00231,True
1741811573504,82985.36,0.00061,False
1741811573992,82985.35,7e-05,True
1741811573992,82985.35,8e-05,True
1741811573992,82985.35,7e-05,True
1741811573992,82985.35,7e-05,True
1741811573992,82985.35,7e-05,True
1741811573992,82985.35,4e-05,True
1741811574731,82985.35,0.00087,True
1741811574731,82985.35,0.00013,True
1741811574731,82985.35,0.0001,True
1741811574731,82985.35,7e-05,True
1741811574731,82985.35,7e-05,True
1741811574731,82985.35,0.00095,True
1741811574731,82985.35,2e-05,True
1741811575183,82985.36,0.00241,False
1741811575188,82985.35,5e-05,True
1741811575188,82985.35,7e-05,True
1741811575188,82985.35,8e-05,True
1741811575188,82985.35,7e-05,True
1741811575188,82985.35,7e-05,True
1741811575188,82985.35,0.00148,True
1741811575611,82985.35,0.02032,True
1741811575611,82985.35,0.0001,True
1741811575611,82985.35,7e-05,True
1741811575611,82985.35,7e-05,True
1741811575611,82985.35,0.00013,True
1741811575611,82985.35,0.00072,True
1741811575611,82985.35,7e-05,True
1741811575611,82985.35,8e-05,True
1741811575611,82985.35,7e-05,True
1741811575611,82985.35,7e-05,True
1741811575611,82985.35,7e-05,True
1741811575611,82985.34,0.00013,True
1741811575611,82985.34,0.00013,True
1741811575611,82985.34,0.00013,True
1741811575611,82985.34,7e-05,True
1741811575611,82985.34,7e-05,True
1741811575611,82985.32,7e-05,True
1741811575611,82985.32,7e-05,True
1741811575611,82985.32,7e-05,True
1741811575611,82985.32,7e-05,True
1741811575611,82985.32,7e-05,True
1741811576531,82985.31,0.01243,True
1741811576704,82985.31,0.08963,True
1741811576735,82985.31,0.00014,True
1741811577429,82985.32,0.00049,False
1741811577935,82985.32,0.00379,False
1741811578434,82985.32,0.0002,False
1741811578434,82985.32,0.0001,False
1741811578434,82985.32,0.074,False
1741811578434,82985.32,0.0001,False
1741811578434,82985.32,0.00091,False
1741811578434,82985.32,0.00013,False
1741811578434,82985.32,0.00023,False
1741811578434,82985.32,0.0001,False
1741811578434,82985.32,0.0001,False
1741811578434,82985.32,0.0165,False
1741811578434,82985.32,0.00935,False
1741811578434,82985.32,0.45,False
1741811578434,82985.32,0.44872,False
1741811578658,82985.32,0.00014,False
1741811579894,82985.32,0.00078,False
1741811579894,82985.32,0.00106,False
1741811579894,82985.32,0.0001,False
1741811579894,82985.32,0.01613,False
1741811580016,82985.31,0.00039,True
1741811580326,82985.32,0.00037,False
1741811580326,82985.32,0.0009,False
1741811580326,82985.32,0.00013,False
1741811580326,82985.32,0.00171,False
1741811580326,82985.32,0.00243,False
1741811581586,82985.31,7e-05,True
1741811581586,82985.31,7e-05,True
1741811581586,82985.31,7e-05,True
1741811581586,82985.31,7e-05,True
1741811581586,82985.31,7e-05,True
1741811581586,82985.31,7e-05,True
1741811581586,82985.31,0.02066,True
1741811581586,82985.31,0.00013,True
1741811581586,82985.31,0.0012,True
1741811581586,82985.31,0.13448,True
1741811581609,82985.31,0.0002,True
1741811581609,82985.31,0.0001,True
1741811581609,82985.31,0.00345,True
1741811581609,82985.31,7e-05,True
1741811581609,82985.31,7e-05,True
1741811581609,82985.31,7e-05,True
1741811581609,82985.31,7e-05,True
1741811581609,82985.31,7e-05,True
1741811581609,82985.31,7e-05,True
1741811581609,82985.31,0.0001,True
1741811581609,82985.3,0.00013,True
1741811581609,82985.3,7e-05,True
1741811581609,82985.3,7e-05,True
1741811581609,82985.3,0.00014,True
1741811581609,82985.3,0.00013,True
1741811581609,82985.19,7e-05,True
1741811581609,82985.19,7e-05,True
1741811581609,82985.18,7e-05,True
1741811581609,82985.18,7e-05,True
1741811581609,82985.15,7e-05,True
1741811581609,82985.15,7e-05,True
1741811581609,82985.15,7e-05,True
1741811581609,82985.14,7e-05,True
1741811581609,82985.08,7e-05,True
1741811581609,82985.07,7e-05,True
1741811581609,82985.0,0.00019,True
1741811581609,82984.73,7e-05,True
1741811581609,82984.73,7e-05,True
1741811581609,82984.73,7e-05,True
1741811581609,82984.49,8e-05,True
1741811581609,82984.49,8e-05,True
1741811581616,82984.0,0.0014,True
1741811581616,82984.0,0.0001,True
1741811581616,82984.0,7e-05,True
1741811581616,82984.0,7e-05,True
1741811581616,82984.0,7e-05,True
1741811581616,82984.0,7e-05,True
1741811581616,82984.0,7e-05,True
1741811581616,82984.0,7e-05,True
1741811581616,82983.99,0.00013,True
1741811581616,82983.83,7e-05,True
1741811581616,82983.83,7e-05,True
1741811581616,82983.83,7e-05,True
1741811581660,82983.82,0.00117,True
1741811581832,82983.82,0.00345,True
1741811582180,82983.82,0.00031,True
1741811583236,82983.82,0.00218,True
1741811583857,82983.82,0.00016,True
1741811583989,82983.82,0.00024,True
1741811584176,82983.82,0.00152,True
1741811584469,82983.82,7e-05,True
1741811584472,82983.82,0.00021,True
1741811584651,82983.83,0.00028,False
1741811584752,82983.83,0.00031,False
1741811585021,82983.83,0.00025,False
1741811585248,82983.82,0.00012,True
1741811585467,82983.83,0.0006,False
1741811585684,82983.83,8e-05,False
1741811585712,82983.82,0.00318,True
1741811585837,82983.83,0.00024,False
1741811586063,82983.83,0.00013,False
1741811586446,82983.82,0.00013,True
1741811586461,82983.82,0.00019,True
1741811586607,82983.83,0.0934,False
1741811586607,82983.83,0.08235,False
1741811586607,82983.83,0.06377,False
1741811586607,82983.83,0.05318,False
1741811586607,82983.83,0.0273,False
1741811586704,82983.82,0.03124,True
1741811586704,82983.82,0.0142,True
1741811586704,82983.82,7e-05,True
1741811586704,82983.82,7e-05,True
1741811586704,82983.82,7e-05,True
1741811586704,82983.82,0.00013,True
1741811586704,82983.82,7e-05,True
1741811586704,82983.82,7e-05,True
1741811586704,82983.82,0.0009,True
1741811586704,82983.82,0.02159,True
1741811586704,82983.82,7e-05,True
1741811586704,82983.82,0.00091,True
1741811586704,82983.82,0.00819,True
1741811586757,82983.82,0.001,True
1741811586859,82983.82,0.00013,True
1741811587936,82983.82,0.00024,True
1741811589273,82983.82,0.00431,True
1741811590034,82983.82,0.0012,True
1741811590321,82983.83,0.00092,False
1741811590456,82983.82,0.00059,True
1741811590659,82983.82,8e-05,True
1741811591214,82983.82,0.00702,True
1741811591256,82983.82,0.0001,True
1741811591256,82983.82,7e-05,True
1741811591256,82983.82,7e-05,True
1741811591256,82983.82,7e-05,True
1741811591256,82983.82,7e-05,True
1741811591256,82983.82,0.01056,True
1741811591282,82983.83,0.00025,False
1741811591301,82983.82,0.0101,True
1741811591301,82983.82,0.00014,True
1741811591301,82983.82,7e-05,True
1741811591301,82983.82,7e-05,True
1741811591301,82983.82,0.0138,True
1741811591316,82983.82,0.0103,True
1741811591316,82983.82,0.0001,True
1741811591316,82983.82,7e-05,True
1741811591316,82983.82,7e-05,True
1741811591316,82983.82,7e-05,True
1741811591316,82983.82,7e-05,True
1741811591316,82983.82,7e-05,True
1741811591316,82983.82,7e-05,True
1741811591316,82983.81,0.00013,True
1741811591316,82983.81,0.00014,True
1741811591316,82983.81,7e-05,True
1741811591316,82983.81,7e-05,True
1741811591316,82983.81,0.00014,True
1741811591316,82983.8,7e-05,True
1741811591316,82983.8,7e-05,True
1741811591316,82983.8,0.003,True
1741811591316,82983.73,7e-05,True
1741811591316,82983.73,7e-05,True
1741811591316,82983.61,7e-05,True
1741811591316,82983.61,7e-05,True
1741811591316,82983.6,7e-05,True
1741811591316,82983.5,7e-05,True
1741811591316,82983.49,7e-05,True
1741811591316,82983.49,7e-05,True
1741811591316,82983.08,7e-05,True
1741811591316,82983.08,8e-05,True
1741811591316,82983.08,8e-05,True
1741811591416,82983.07,7e-05,True
1741811591416,82983.07,7e-05,True
1741811591416,82983.07,7e-05,True
1741811591416,82983.07,0.00013,True
1741811591416,82983.07,7e-05,True
1741811591416,82983.07,7e-05,True
1741811591416,82983.07,7e-05,True
1741811591416,82983.07,0.0001,True
1741811591416,82983.06,0.00014,True
1741811591416,82983.06,7e-05,True
1741811591416,82983.06,7e-05,True
1741811591416,82983.0,7e-05,True
1741811591416,82983.0,7e-05,True
1741811591416,82982.82,0.0001,True
1741811591416,82982.82,0.0001,True
1741811591416,82982.82,0.0001,True
1741811591416,82982.82,7e-05,True
1741811591416,82982.82,7e-05,True
1741811591416,82982.81,0.00084,True
1741811591416,82982.81,7e-05,True
1741811591416,82982.81,7e-05,True
1741811591416,82982.66,7e-05,True
1741811591416,82982.66,7e-05,True
1741811591416,82982.22,0.001,True
1741811591416,82982.22,7e-05,True
1741811591416,82981.83,7e-05,True
1741811591416,82981.83,7e-05,True
1741811591416,82981.81,8e-05,True
1741811591416,82979.96,0.0003,True
1741811591416,82979.91,0.00133,True
1741811591416,82979.88,7e-05,True
1741811591703,82979.87,0.08385,True
1741811592810,82979.87,0.0001,True
1741811592810,82979.87,7e-05,True
1741811592810,82979.87,7e-05,True
1741811592810,82979.87,7e-05,True
1741811592810,82979.87,7e-05,True
1741811592810,82979.87,7e-05,True
1741811592810,82979.87,0.0209,True
1741811592810,82979.87,0.0012,True
1741811592810,82979.87,0.0009,True
1741811592810,82979.87,0.00014,True
1741811592810,82979.87,0.00091,True
1741811592810,82979.87,7e-05,True
1741811592810,82979.87,7e-05,True
1741811592810,82979.87,0.0001,True
1741811592810,82979.87,0.0001,True
1741811592810,82979.86,0.0002,True
1741811592810,82979.86,0.00014,True
1741811592810,82979.86,0.00013,True
1741811592810,82979.86,7e-05,True
1741811592810,82979.86,7e-05,True
1741811592810,82979.85,0.00013,True
1741811592810,82979.85,7e-05,True
1741811592810,82979.85,7e-05,True
1741811592810,82979.83,7e-05,True
1741811592810,82979.83,7e-05,True
1741811592810,82979.83,0.00015,True
1741811592810,82979.83,0.00015,True
1741811592810,82979.83,0.00015,True
1741811592810,82979.83,0.0001,True
1741811592810,82979.83,0.0001,True
1741811592812,82979.82,7e-05,True
1741811592812,82979.82,7e-05,True
1741811592812,82979.7,8e-05,True
1741811592812,82979.7,7e-05,True
1741811592812,82979.33,7e-05,True
1741811592812,82979.33,7e-05,True
1741811592814,82979.3,0.00013,True
1741811592814,82979.3,0.00013,True
1741811592814,82979.3,7e-05,True
1741811592814,82979.3,7e-05,True
1741811592814,82979.3,0.0001,True
1741811592814,82978.76,7e-05,True
1741811592814,82978.76,7e-05,True
1741811592814,82978.76,7e-05,True
1741811592814,82978.76,7e-05,True
1741811592888,82978.75,7e-05,True
1741811592888,82978.75,7e-05,True
1741811592888,82978.75,7e-05,True
1741811592888,82978.75,7e-05,True
1741811592888,82978.75,7e-05,True
1741811592888,82978.75,7e-05,True
1741811592888,82978.75,0.0001,True
1741811592888,82978.62,0.00032,True
1741811592888,82978.62,7e-05,True
1741811592888,82978.62,7e-05,True
1741811592888,82978.5,7e-05,True
1741811592888,82978.5,7e-05,True
1741811592888,82978.5,7e-05,True
1741811592888,82976.78,7e-05,True
1741811592888,82976.78,7e-05,True
1741811592888,82976.78,7e-05,True
1741811592888,82976.77,0.00506,True
1741811592888,82976.77,7e-05,True
1741811592888,82976.77,7e-05,True
1741811592888,82976.58,7e-05,True
1741811592888,82976.58,7e-05,True
1741811592888,82976.57,7e-05,True
1741811592888,82976.39,7e-05,True
1741811592888,82975.96,7e-05,True
1741811593070,82975.22,7e-05,True
1741811593070,82975.22,7e-05,True
1741811593070,82975.22,7e-05,True
1741811593070,82975.22,7e-05,True
1741811593070,82975.22,7e-05,True
1741811593070,82975.22,7e-05,True
1741811593070,82975.22,0.00014,True
1741811593070,82975.22,0.0001,True
1741811593070,82975.21,0.00024,True
1741811593070,82975.21,0.00014,True
1741811593070,82975.21,7e-05,True
1741811593070,82975.21,7e-05,True
1741811593070,82975.21,0.00014,True
1741811593070,82975.2,0.00014,True
1741811593070,82975.2,7e-05,True
1741811593070,82975.2,7e-05,True
1741811593070,82975.18,7e-05,True
1741811593070,82975.18,7e-05,True
1741811593070,82974.84,0.00025,True
1741811593070,82974.84,0.00025,True
1741811593070,82974.84,0.00025,True
1741811593070,82974.84,7e-05,True
1741811593070,82974.84,7e-05,True
1741811593070,82974.83,7e-05,True
1741811593070,82974.82,7e-05,True
1741811593070,82974.46,7e-05,True
1741811593070,82974.41,0.00013,True
1741811593070,82974.35,7e-05,True
1741811593070,82974.26,0.00132,True
1741811593070,82974.09,7e-05,True
1741811593070,82974.08,0.00666,True
1741811593070,82974.08,0.00058,True
1741811593075,82972.23,7e-05,True
1741811593075,82972.23,7e-05,True
1741811593075,82972.23,0.0001,True
1741811593075,82971.9,9e-05,True
1741811593075,82971.9,7e-05,True
1741811593075,82971.9,7e-05,True
1741811593078,82971.87,7e-05,True
1741811593078,82971.87,0.01501,True
1741811593095,82971.88,0.00038,False
1741811593832,82971.87,0.00014,True
1741811593832,82971.87,7e-05,True
1741811593832,82971.87,4e-05,True
1741811593915,82971.87,3e-05,True
1741811593915,82971.87,7e-05,True
1741811593915,82971.87,7e-05,True
1741811593915,82971.87,7e-05,True
1741811593915,82971.87,0.00014,True
1741811593915,82971.87,0.00014,True
1741811593915,82971.87,7e-05,True
1741811593915,82971.87,0.00016,True
1741811593915,82971.87,0.00012,True
1741811593915,82971.87,0.0001,True
1741811593915,82971.87,0.0009,True
1741811593915,82971.87,0.00014,True
1741811593915,82971.87,7e-05,True
1741811593915,82971.86,7e-05,True
1741811593915,82971.86,7e-05,True
1741811593915,82971.86,0.00013,True
1741811593915,82971.86,0.00014,True
1741811593915,82971.85,7e-05,True
1741811593915,82971.85,7e-05,True
1741811593915,82971.85,0.00014,True
1741811593915,82971.84,7e-05,True
1741811593915,82971.84,7e-05,True
1741811593915,82971.7,7e-05,True
1741811593915,82971.7,7e-05,True
1741811593915,82971.7,7e-05,True
1741811593915,82971.7,9e-05,True
1741811593915,82971.7,9e-05,True
1741811594609,82971.7,0.00066,False
1741811595017,82971.7,0.0001,False
1741811596854,82971.69,7e-05,True
1741811596997,82971.69,0.0012,True
1741811597028,82971.69,0.00013,True
1741811597531,82971.69,0.0012,True
1741811597639,82971.69,0.00024,True
1741811598115,82971.7,0.00137,False
1741811598178,82971.69,0.00105,True
1741811598266,82971.69,0.01147,True
1741811598507,82971.7,0.00047,False
1741811598712,82971.7,0.00041,False
1741811598948,82971.69,0.00056,True
1741811599250,82971.69,0.04935,True
1741811601118,82971.7,0.00119,False
1741811601124,82971.69,0.00559,True
1741811601554,82971.7,0.00013,False
1741811601698,82971.69,0.01015,True
1741811601698,82971.69,7e-05,True
1741811601698,82971.69,0.00013,True
1741811601698,82971.69,7e-05,True
1741811601698,82971.69,7e-05,True
1741811601698,82971.69,0.0012,True
1741811601698,82971.69,0.04856,True
1741811601958,82971.69,0.01125,True
1741811602468,82971.69,9e-05,True
1741811602754,82971.7,0.0001,False
1741811603001,82971.7,0.00147,False
1741811603569,82971.7,0.00025,False
1741811603669,82971.69,0.00137,True
1741811603899,82971.7,0.00634,False
1741811604159,82971.69,0.00013,True
1741811604220,82971.7,9e-05,False
1741811604338,82971.7,0.0864,False
1741811604338,82971.7,0.11617,False
1741811604338,82971.7,0.2373,False
1741811604338,82971.7,0.015,False
1741811604338,82971.7,0.015,False
1741811604338,82971.7,0.26215,False
1741811604338,82971.7,0.02503,False
1741811604338,82971.7,0.00014,False
1741811604338,82971.7,0.00092,False
1741811604338,82971.7,0.00094,False
1741811604338,82971.7,0.1,False
1741811604338,82971.7,0.0009,False
1741811604338,82971.7,0.0009,False
1741811604338,82971.7,0.00486,False
1741811604338,82971.7,0.00965,False
1741811604338,82971.7,0.0001,False
1741811604338,82971.7,9e-05,False
1741811604338,82971.7,0.08622,False
1741811604338,82971.7,0.0014,False
1741811604338,82971.7,0.0002,False
1741811604338,82971.7,0.0002,False
1741811604338,82971.7,0.00083,False
1741811604338,82971.7,0.00096,False
1741811604338,82971.7,0.0001,False
1741811604338,82971.71,0.00014,False
1741811604338,82971.71,0.00014,False
1741811604338,82971.71,0.00014,False
1741811604338,82971.79,7e-05,False
1741811604338,82971.87,7e-05,False
1741811604338,82971.88,0.12956,False
1741811604338,82971.88,0.00101,False
1741811604338,82971.9,0.05772,False
1741811604338,82971.9,0.01869,False
1741811604347,82971.9,0.03315,False
1741811604347,82971.9,0.08846,False
1741811604349,82971.9,0.00206,False
1741811604349,82971.9,0.0001,False
1741811604349,82971.9,0.00182,False
1741811604349,82971.91,0.00013,False
1741811604349,82972.67,7e-05,False
1741811604349,82973.57,7e-05,False
1741811604349,82973.61,0.04,False
1741811604355,82973.99,9e-05,False
1741811604355,82973.99,9e-05,False
1741811604355,82973.99,9e-05,False
1741811604355,82974.0,7e-05,False
1741811604417,82975.23,0.00302,False
1741811604417,82975.23,0.00051,False
1741811604417,82975.23,0.0001,False
1741811604417,82975.24,0.00016,False
1741811604417,82975.24,0.00013,False
1741811604417,82975.39,7e-05,False
1741811604417,82975.39,7e-05,False
1741811604417,82975.39,7e-05,False
1741811604417,82975.75,7e-05,False
1741811604417,82975.76,0.00506,False
1741811604417,82976.0,7e-05,False
1741811604474,82977.67,7e-05,False
1741811604474,82977.67,8e-05,False
1741811604474,82977.67,4e-05,False
1741811604882,82977.66,0.11336,True
1741811604882,82977.66,0.17994,True
1741811604882,82977.66,0.51606,True
1741811604899,82977.66,0.00262,True
1741811605184,82977.66,0.00027,True
1741811605239,82977.66,0.00025,True
1741811605298,82977.67,0.00012,False
1741811605298,82977.67,0.00012,False
1741811605298,82977.67,0.00012,False
1741811605298,82977.67,0.00012,False
1741811605298,82977.67,0.00014,False
1741811605298,82977.67,0.0001,False
1741811605298,82977.67,0.00937,False
1741811605510,82977.66,0.0006,True
1741811605754,82977.66,0.00012,True
1741811605977,82977.67,0.0002,False
1741811606040,82977.67,0.02145,False
1741811606040,82977.67,0.04643,False
1741811606040,82977.67,0.0001,False
1741811606040,82977.67,0.00014,False
1741811606040,82977.68,0.00014,False
1741811606040,82977.68,0.00013,False
1741811606040,82977.68,0.00014,False
1741811606040,82977.74,8e-05,False
1741811606040,82978.6,7e-05,False
1741811606040,82978.6,7e-05,False
1741811606040,82978.6,8e-05,False
1741811606040,82978.6,7e-05,False
1741811606040,82979.06,0.00013,False
1741811606042,82979.62,0.00138,False
1741811606043,82980.16,7e-05,False
1741811606043,82980.18,0.003,False
1741811606045,82980.99,7e-05,False
1741811606045,82981.28,0.0003,False
1741811606045,82981.82,7e-05,False
1741811606045,82983.82,0.00013,False
1741811606045,82983.82,0.00013,False
1741811606045,82983.82,0.00014,False
1741811606045,82983.82,7e-05,False
1741811606045,82983.83,0.03012,False
1741811606045,82983.98,9e-05,False
1741811606045,82983.98,8e-05,False
1741811606045,82983.98,8e-05,False
1741811606045,82983.98,7e-05,False
1741811606045,82983.99,0.11891,False
1741811606045,82984.14,7e-05,False
1741811606045,82984.65,0.00502,False
1741811606047,82985.05,0.02,False
1741811606047,82985.05,0.04,False
1741811606047,82985.35,0.00254,False
1741811606047,82985.58,0.00013,False
1741811606056,82985.58,7e-05,False
1741811606056,82985.58,0.00039,False
1741811606056,82985.58,0.00039,False
1741811606056,82985.58,0.0001,False
1741811606056,82985.58,0.00039,False
1741811606056,82985.58,0.0582,False
1741811606056,82985.58,0.02978,False
1741811606056,82985.58,0.12036,False
1741811606056,82985.58,0.00039,False
1741811606056,82985.58,0.15322,False
1741811606056,82985.58,0.00018,False
1741811606056,82985.58,0.10653,False
1741811606057,82985.58,0.06945,False
1741811606159,82985.59,0.01,False
1741811606162,82985.59,0.06769,False
1741811606162,82985.59,0.00013,False
1741811606162,82985.59,0.0001,False
1741811606162,82985.92,8e-05,False
1741811606480,82987.87,0.0002,False
1741811606672,82987.86,0.0012,True
1741811606704,82987.86,0.07333,True
1741811606933,82987.86,0.00133,True
1741811607003,82987.86,0.00181,True
1741811607061,82987.87,0.0001,False
1741811607061,82987.87,0.00013,False
1741811607061,82987.87,8e-05,False
1741811607061,82987.87,0.00133,False
1741811607084,82987.86,0.00167,True
1741811608323,82987.87,0.00361,False
1741811608894,82987.87,0.00035,False
1741811609040,82987.86,0.00039,True
1741811609307,82987.87,0.01048,False
1741811609307,82987.87,0.02738,False
1741811609307,82987.87,0.03725,False
1741811609307,82987.87,0.00194,False
1741811609307,82987.87,0.00013,False
1741811609307,82987.87,0.0001,False
1741811609307,82987.87,7e-05,False
1741811609307,82987.87,0.00019,False
1741811609307,82987.88,0.00012,False
1741811609307,82987.88,0.00013,False
1741811609307,82987.88,0.00014,False
1741811609307,82987.88,0.00014,False
1741811609307,82987.9,0.003,False
1741811609312,82988.63,0.00015,False
1741811609312,82988.63,0.00015,False
1741811609312,82988.63,0.00015,False
1741811609316,82991.34,9e-05,False
1741811609316,82991.34,8e-05,False
1741811609316,82991.8,7e-05,False
1741811609316,82993.9,7e-05,False
1741811609316,82994.7,7e-05,False
1741811609316,82994.7,9e-05,False
1741811609316,82994.7,0.0001,False
1741811609316,82994.7,9e-05,False
1741811609320,82994.94,7e-05,False
1741811609536,82994.95,0.0157,False
1741811609536,82994.95,0.09326,False
1741811609537,82994.95,0.05001,False
1741811609537,82994.95,0.00013,False
1741811609537,82994.95,0.0001,False
1741811609537,82994.96,0.00035,False
1741811609537,82994.96,0.00014,False
1741811609537,82994.96,0.00013,False
1741811609537,82994.97,0.00014,False
1741811609537,82995.12,7e-05,False
1741811609537,82996.21,7e-05,False
1741811609537,82996.21,0.00038,False
1741811609537,82996.21,0.00038,False
1741811609537,82996.21,0.00038,False
1741811609537,82996.22,0.01395,False
1741811609537,82996.51,7e-05,False
1741811609537,82996.52,0.00672,False
1741811609537,82996.73,0.10815,False
1741811609537,82996.85,7e-05,False
1741811609537,82996.85,7e-05,False
1741811609537,82996.85,7e-05,False
1741811609537,82996.86,0.0001,False
1741811609537,82996.86,0.02353,False
1741811609537,82997.41,7e-05,False
1741811609537,82997.42,0.01382,False
1741811609537,82998.44,0.00011,False
1741811609537,82998.45,7e-05,False
1741811609597,82999.83,0.0001,False
1741811609597,82999.83,9e-05,False
1741811609597,82999.83,9e-05,False
1741811609597,82999.83,0.00024,False
1741811609597,82999.83,0.07862,False
1741811609597,82999.83,0.0001,False
1741811609597,82999.84,0.00014,False
1741811609597,82999.86,0.00043,False
1741811609597,82999.86,0.00019,False
1741811609597,82999.86,0.00019,False
1741811609597,82999.86,0.00019,False
1741811609615,82999.89,7e-05,False
1741811609615,82999.89,0.0001,False
1741811609615,82999.89,0.04414,False
1741811609626,82999.9,0.02974,False
1741811609646,82999.9,0.01597,False
1741811609646,82999.9,0.0001,False
1741811609646,82999.99,7e-05,False
1741811609646,82999.99,0.00021,False
1741811609987,83000.0,0.0001,False
1741811609987,83000.0,0.0001,False
1741811609987,83000.0,0.00013,False
1741811610278,83000.0,6e-05,False
1741811610520,82999.99,0.00044,True
1741811610924,82999.99,0.00536,True
1741811610988,83000.0,0.0002,False
1741811611322,82999.99,0.00014,True
1741811611703,82999.99,0.08453,True
1741811611933,83000.0,4e-05,False
1741811611933,83000.0,0.00056,False
1741811612135,82999.99,0.00758,True
1741811612135,82999.99,0.01194,True
1741811612852,82999.99,0.0001,True
1741811613264,83000.0,0.0115,False
1741811613264,83000.0,0.002,False
1741811613264,83000.0,0.06,False
1741811613264,83000.0,7e-05,False
1741811613264,83000.0,0.14013,False
1741811613264,83000.0,0.0001,False
1741811613264,83000.0,0.00015,False
1741811613264,83000.0,0.00051,False
1741811613264,83000.0,0.00059,False
1741811613264,83000.0,0.0001,False
1741811613264,83000.0,0.00019,False
1741811613264,83000.0,0.01029,False
1741811613264,83000.0,0.00014,False
1741811613264,83000.0,0.00029,False
1741811613264,83000.0,0.00096,False
1741811613264,83000.0,0.00032,False
1741811613264,83000.0,0.00017,False
1741811613264,83000.0,8e-05,False
1741811613264,83000.0,0.00107,False
1741811613264,83000.0,0.00031,False
1741811613264,83000.0,7e-05,False
1741811613264,83000.0,0.00142,False
1741811613264,83000.0,0.00016,False
1741811613264,83000.0,0.00011,False
1741811613264,83000.0,0.00012,False
1741811613264,83000.0,0.00121,False
1741811613264,83000.0,0.0001,False
1741811613264,83000.0,7e-05,False
1741811613264,83000.0,8e-05,False
1741811613264,83000.0,0.0002,False
1741811613264,83000.0,0.04882,False
1741811613264,83000.0,0.00016,False
1741811613264,83000.0,7e-05,False
1741811613264,83000.0,0.00155,False
1741811613264,83000.0,0.00017,False
1741811613264,83000.0,0.0001,False
1741811613264,83000.0,0.00019,False
1741811613264,83000.0,8e-05,False
1741811613264,83000.0,0.00217,False
1741811613264,83000.0,0.00065,False
1741811613264,83000.0,0.0104,False
1741811613264,83000.0,0.00019,False
1741811613264,83000.0,0.00019,False
1741811613264,83000.0,0.00075,False
1741811613264,83000.0,0.00022,False
1741811613264,83000.0,7e-05,False
1741811613264,83000.0,0.00012,False
1741811613264,83000.0,0.0001,False
1741811613264,83000.0,0.0001,False
1741811613264,83000.0,0.001,False
1741811613264,83000.0,0.00021,False
1741811613264,83000.0,0.00407,False
1741811613264,83000.0,0.005,False
1741811613264,83000.0,0.09372,False
1741811613264,83000.0,0.0002,False
1741811613264,83000.0,0.06979,False
1741811613264,83000.0,0.00062,False
1741811613264,83000.0,7e-05,False
1741811613264,83000.0,0.01719,False
1741811613264,83000.0,0.0069,False
1741811613264,83000.0,0.00097,False
1741811613264,83000.0,0.002,False
1741811613264,83000.0,0.0241,False
1741811613264,83000.0,0.05472,False
1741811613264,83000.0,0.1716,False
1741811613264,83000.0,0.06296,False
1741811613264,83000.0,0.02263,False
1741811613264,83000.0,0.04848,False
1741811613264,83000.0,0.47015,False
1741811613264,83000.0,0.02141,False
1741811613264,83000.0,0.07072,False
1741811613264,83000.0,0.14978,False
1741811613264,83000.0,0.30527,False
1741811613265,83000.0,0.05155,False
1741811613265,83000.0,0.01779,False
1741811613265,83000.0,0.08486,False
1741811613265,83000.0,0.2633,False
1741811613265,83000.0,0.01859,False
1741811613265,83000.0,0.14049,False
1741811613265,83000.0,0.15669,False
1741811613265,83000.0,0.02164,False
1741811613265,83000.0,0.11836,False
1741811613265,83000.0,0.07273,False
1741811613265,83000.0,0.29575,False
1741811613265,83000.0,0.02073,False
1741811613265,83000.0,0.10716,False
1741811613266,83000.0,0.03394,False
1741811613266,83000.0,0.1164,False
1741811613266,83000.0,0.1191,False
1741811613266,83000.0,0.14766,False
1741811613266,83000.0,0.08954,False
1741811613266,83000.0,0.01757,False
1741811613266,83000.0,0.0457,False
1741811613266,83000.0,0.11976,False
1741811613266,83000.0,0.0131,False
1741811613266,83000.0,0.255,False
1741811613266,83000.0,0.10666,False
1741811613266,83000.0,0.08766,False
1741811613266,83000.0,0.01502,False
1741811613266,83000.0,0.01115,False
1741811613266,83000.0,0.27377,False
1741811613266,83000.0,0.6184,False
1741811613266,83000.0,0.01145,False
1741811613266,83000.0,0.195,False
1741811613266,83000.0,0.03109,False
1741811613267,83000.0,0.00691,False
1741811613267,83000.0,0.01066,False
1741811613267,83000.0,0.01038,False
1741811613267,83000.0,0.011,False
1741811613267,83000.0,0.00749,False
1741811613267,83000.0,0.02606,False
1741811613267,83000.0,0.01754,False
1741811613267,83000.0,0.11646,False
1741811613267,83000.0,0.02199,False
1741811613267,83000.0,0.0625,False
1741811613267,83000.0,0.11204,False
1741811613267,83000.0,0.01394,False
1741811613267,83000.0,0.02116,False
1741811613267,83000.0,0.01781,False
1741811613267,83000.0,0.28866,False
1741811613267,83000.0,0.00448,False
1741811613267,83000.0,0.00346,False
1741811613267,83000.0,0.00277,False
1741811613267,83000.0,0.01,False
1741811613268,83000.0,0.00448,False
1741811613268,83000.0,0.01765,False
1741811613268,83000.0,0.01757,False
1741811613268,83000.0,0.00196,False
1741811613268,83000.0,0.06905,False
1741811613268,83000.0,0.06467,False
1741811613269,83000.0,0.01894,False
1741811613269,83000.0,0.01942,False
1741811613269,83000.0,0.4836,False
1741811613269,83000.0,0.12509,False
1741811613269,83000.0,0.00945,False
1741811613269,83000.0,0.00504,False
1741811613269,83000.0,0.03012,False
1741811613270,83000.0,0.02464,False
1741811613270,83000.0,0.04896,False
1741811613270,83000.0,0.1983,False
1741811613270,83000.0,0.01402,False
1741811613270,83000.0,0.0264,False
1741811613270,83000.0,0.02288,False
1741811613270,83000.0,0.09673,False
1741811613270,83000.0,0.052,False
1741811613270,83000.0,0.1206,False
1741811613270,83000.0,0.00686,False
1741811613270,83000.0,0.0384,False
1741811613270,83000.0,0.00361,False
1741811613270,83000.0,0.00579,False
1741811613270,83000.0,0.01642,False
1741811613270,83000.0,0.05605,False
1741811613270,83000.0,0.00845,False
1741811613271,83000.0,0.57221,False
1741811613271,83000.0,0.02335,False
1741811613271,83000.0,0.00012,False
1741811613271,83000.0,0.0063,False
1741811613271,83000.0,0.00602,False
1741811613271,83000.0,0.005,False
1741811613271,83000.0,0.00013,False
1741811613271,83000.0,0.00286,False
1741811613271,83000.0,0.003,False
1741811613271,83000.0,8e-05,False
1741811613271,83000.01,0.00014,False
1741811613271,83000.01,0.00013,False
1741811613271,83000.02,0.00071,False
1741811613271,83000.02,0.00014,False
1741811613271,83000.11,7e-05,False
1741811613271,83000.15,0.00026,False
1741811613271,83000.16,7e-05,False
1741811613271,83000.17,0.0046,False
1741811613272,83000.17,0.0026,False
1741811613272,83000.63,7e-05,False
1741811613272,83000.64,0.00013,False
1741811613272,83001.7,0.00021,False
1741811613272,83001.71,9e-05,False
1741811613272,83001.71,9e-05,False
1741811613272,83001.71,9e-05,False
1741811613273,83002.09,0.00013,False
1741811613273,83002.69,0.00039,False
1741811613273,83002.7,0.00014,False
1741811613273,83002.7,0.00011,False
1741811613273,83003.17,0.00019,False
1741811613273,83003.35,7e-05,False
1741811613273,83003.44,7e-05,False
1741811613273,83003.47,8e-05,False
1741811613273,83004.0,0.002,False
1741811613273,83004.0,0.00015,False
1741811613273,83004.0,0.0001,False
1741811613273,83004.0,0.0001,False
1741811613273,83004.15,0.00013,False
1741811613273,83004.48,0.00018,False
1741811613273,83005.04,8e-05,False
1741811613273,83005.94,8e-05,False
1741811613273,83006.03,0.00013,False
1741811613273,83006.12,0.0003,False
1741811613273,83006.52,7e-05,False
1741811613273,83006.53,7e-05,False
1741811613273,83008.0,0.002,False
1741811613273,83008.0,0.00015,False
1741811613273,83008.0,0.0001,False
1741811613273,83008.0,0.0001,False
1741811613273,83008.05,0.00015,False
1741811613273,83008.74,0.00293,False
1741811613273,83008.74,0.02,False
1741811613275,83008.74,0.005,False
1741811613283,83008.74,0.00279,False
1741811613285,83009.14,0.00013,False
1741811613285,83009.26,7e-05,False
1741811613285,83009.89,0.0003,False
1741811613285,83009.94,8e-05,False
1741811613285,83010.05,0.00058,False
1741811613285,83010.09,7e-05,False
1741811613285,83010.62,0.00044,False
1741811613285,83010.71,7e-05,False
1741811613285,83010.71,0.00052,False
1741811613285,83010.92,7e-05,False
1741811613285,83011.6,0.00304,False
1741811613285,83011.67,7e-05,False
1741811613285,83011.67,0.0001,False
1741811613285,83011.68,0.00129,False
1741811613297,83011.99,0.01209,True
1741811613307,83012.0,0.002,False
1741811613307,83012.0,0.00015,False
1741811613307,83012.0,0.0001,False
1741811613307,83012.0,0.0001,False
1741811613307,83012.0,0.0001,False
1741811613307,83012.02,0.00013,False
1741811613307,83012.52,8e-05,False
1741811613307,83012.53,9e-05,False
1741811613307,83012.75,0.00055,False
1741811613307,83012.75,0.00055,False
1741811613307,83012.75,0.00055,False
1741811613307,83012.75,0.0009,False
1741811613307,83012.75,0.00088,False
1741811613307,83012.77,0.003,False
1741811613307,83013.01,0.00013,False
1741811613307,83013.76,0.00091,False
1741811613307,83013.98,0.00096,False
1741811613307,83014.25,0.001,False
1741811613307,83014.65,0.0001,False
1741811613307,83014.66,0.07007,False
1741811613313,83014.66,0.01875,False
1741811613313,83014.66,0.0001,False
1741811613313,83014.66,0.02115,False
1741811613313,83014.66,0.00585,False
1741811613313,83014.66,0.0165,False
1741811613313,83014.66,0.0773,False
1741811613313,83015.02,0.00101,False
1741811613313,83015.34,0.00502,False
1741811613313,83015.48,8e-05,False
1741811613313,83015.49,0.05424,False
1741811613329,83015.49,0.0001,False
1741811613329,83015.49,0.00014,False
1741811613329,83015.49,0.00014,False
1741811613329,83015.49,0.00014,False
1741811613329,83015.49,0.0983,False
1741811613332,83015.49,0.005,False
1741811613367,83015.49,0.02436,False
1741811613499,83015.49,0.0001,False
1741811614157,83015.48,0.0012,True
1741811614307,83015.48,7e-05,True
1741811614586,83015.48,0.0012,True
1741811614905,83015.48,0.00224,True
1741811614941,83015.49,0.00013,False
1741811614941,83015.49,0.00364,False
1741811614941,83015.49,0.0001,False
1741811614941,83015.49,0.00091,False
1741811614941,83015.5,0.00079,False
1741811614941,83015.5,0.00013,False
1741811614941,83015.5,0.00013,False
1741811614941,83015.51,0.00013,False
1741811614941,83015.8,0.00016,False
1741811614941,83016.0,0.002,False
1741811614941,83016.0,0.00015,False
1741811614941,83016.0,0.0001,False
1741811614941,83016.0,0.0001,False
1741811614941,83016.11,0.01242,False
1741811614941,83016.23,0.0002,False
1741811614941,83016.23,0.00026,False
1741811614941,83016.74,7e-05,False
1741811614941,83016.83,0.00013,False
1741811614941,83017.29,0.0001,False
1741811614941,83017.57,7e-05,False
1741811614941,83017.98,0.00013,False
1741811614941,83018.67,0.00012,False
1741811614941,83018.86,0.00011,False
1741811614941,83018.86,8e-05,False
1741811614941,83018.86,7e-05,False
1741811614941,83018.86,7e-05,False
1741811614951,83018.86,0.00667,True
1741811614996,83018.87,0.0002,False
1741811615000,83018.87,0.08153,False
1741811615000,83018.87,0.08097,False
1741811615000,83018.87,0.12855,False
1741811615000,83018.87,0.00014,False
1741811615000,83018.87,0.0001,False
1741811615000,83018.87,0.0001,False
1741811615000,83018.88,0.00017,False
1741811615000,83019.84,0.00022,False
1741811615000,83019.84,0.00022,False
1741811615000,83019.84,0.00022,False
1741811615000,83019.85,0.003,False
1741811615000,83019.99,7e-05,False
1741811615000,83019.99,8e-05,False
1741811615000,83020.0,0.002,False
1741811615000,83020.0,0.00015,False
1741811615000,83020.0,0.0001,False
1741811615000,83020.0,0.0001,False
1741811615000,83020.0,0.02409,False
1741811615000,83020.06,7e-05,False
1741811615000,83020.17,9e-05,False
1741811615016,83020.2,0.00011,False
1741811615016,83020.2,0.0001,False
1741811615016,83020.21,0.00013,False
1741811615016,83021.13,0.00132,False
1741811615016,83021.53,8e-05,False
1741811615016,83021.72,0.0001,False
1741811615016,83022.86,0.00013,False
1741811615016,83022.86,0.00011,False
1741811615016,83022.86,0.00014,False
1741811615016,83023.18,0.00016,False
1741811615016,83023.18,0.00016,False
1741811615016,83023.18,0.00016,False
1741811615110,83023.65,0.13929,False
1741811615110,83023.65,0.0001,False
1741811615110,83023.65,0.0165,False
1741811615110,83023.65,0.027,False
1741811615110,83023.65,0.0097,False
1741811615118,83023.65,0.0001,False
1741811615118,83023.65,0.00024,False
1741811615118,83023.65,0.027,False
1741811615118,83023.65,0.0001,False
1741811615118,83023.66,0.00014,False
1741811615118,83023.67,0.00013,False
1741811615118,83024.0,0.002,False
1741811615118,83024.0,0.00015,False
1741811615118,83024.0,0.0001,False
1741811615118,83024.0,0.0001,False
1741811615118,83024.29,0.13257,False
1741811615118,83024.89,0.01966,False
1741811615118,83025.61,0.00014,False
1741811615118,83025.63,0.00017,False
1741811615118,83025.63,0.00017,False
1741811615118,83025.63,0.00012,False
1741811615118,83025.63,0.00012,False
1741811615118,83025.63,0.00012,False
1741811615118,83025.63,0.00017,False
1741811615148,83026.46,0.027,False
1741811615148,83026.46,0.0097,False
1741811615148,83026.46,0.0165,False
1741811615148,83026.46,0.0876,False
1741811615148,83026.46,0.0773,False
1741811615148,83026.46,0.0001,False
1741811615148,83026.58,0.00014,False
1741811615148,83026.59,8e-05,False
1741811615148,83026.75,0.00132,False
1741811615148,83026.86,0.13255,False
1741811615148,83027.01,0.00091,False
1741811615148,83027.4,9e-05,False
1741811615148,83027.4,9e-05,False
1741811615148,83027.4,9e-05,False
1741811615148,83027.4,0.00031,False
1741811615174,83027.43,0.00971,True
1741811615197,83027.43,0.02485,True
1741811615658,83027.43,0.0012,True
1741811615745,83027.44,7e-05,False
1741811615745,83027.44,0.00027,False
1741811615754,83027.44,0.01601,False
1741811615757,83027.44,0.00034,False
1741811615769,83027.44,0.0012,False
1741811615790,83027.43,0.02793,True
1741811615844,83027.44,0.00084,False
1741811616000,83027.44,0.0002,False
1741811616627,83027.43,0.00024,True
1741811616695,83027.44,0.00027,False
1741811617003,83027.44,0.0002,False
1741811618221,83027.43,0.00728,True
1741811618425,83027.44,0.00094,False
1741811618567,83027.43,0.01007,True
1741811619199,83027.43,7e-05,True
1741811619199,83027.43,7e-05,True
1741811619199,83027.43,7e-05,True
1741811619199,83027.43,0.00014,True
1741811619199,83027.43,0.0001,True
1741811619199,83027.43,7e-05,True
1741811619199,83027.43,7e-05,True
1741811619199,83027.43,0.00062,True
1741811619678,83027.43,0.00104,True
1741811620673,83027.43,7e-05,True
1741811620673,83027.43,0.00083,True
1741811621373,83027.43,0.01179,True
1741811621457,83027.43,0.001,True
1741811621485,83027.44,0.00673,False
1741811621485,83027.44,0.0773,False
1741811621485,83027.44,0.00013,False
1741811621485,83027.44,0.03484,False
1741811621485,83027.44,0.10208,False
1741811621485,83027.44,0.11208,False
1741811621485,83027.44,0.2171,False
1741811621485,83027.44,0.17994,False
1741811621485,83027.44,0.1098,False
1741811621488,83027.44,0.1523,False
1741811621488,83027.44,0.17179,False
1741811621488,83027.44,0.0118,False
1741811621488,83027.44,8e-05,False
1741811621488,83027.44,0.12656,False
1741811621488,83027.44,0.0009,False
1741811621488,83027.44,0.0001,False
1741811621488,83027.44,0.00022,False
1741811621488,83027.44,0.00059,False
1741811621488,83027.44,0.17352,False
1741811621488,83027.44,0.00166,False
1741811621488,83027.44,0.00011,False
1741811621488,83027.44,0.15842,False
1741811621488,83027.44,0.30219,False
1741811621488,83027.44,0.0097,False
1741811621602,83027.44,0.0001,False
1741811621602,83027.44,0.0001,False
1741811621602,83027.44,0.0007,False
1741811621602,83027.44,0.00014,False
1741811621602,83027.44,0.00191,False
1741811621602,83027.44,0.027,False
1741811621704,83027.43,0.00508,True
1741811621704,83027.43,0.0002,True
1741811621704,83027.43,0.0002,True
1741811621704,83027.43,0.0012,True
1741811621704,83027.43,0.00345,True
1741811621704,83027.43,0.045,True
1741811621704,83027.43,0.03011,True
1741811621704,83027.43,0.00373,True
1741811622287,83027.43,0.01364,True
1741811622384,83027.44,0.00063,False
1741811622789,83027.44,0.00014,False
1741811622789,83027.44,0.0001,False
1741811622789,83027.44,0.0001,False
1741811622789,83027.44,0.0001,False
1741811622789,83027.45,0.00013,False
1741811622789,83027.45,0.00014,False
1741811622789,83027.45,0.00014,False
1741811622789,83027.55,7e-05,False
1741811622789,83027.68,7e-05,False
1741811622789,83027.92,0.0001,False
1741811622789,83027.92,0.0001,False
1741811622789,83027.92,0.00011,False
1741811622789,83028.0,0.00073,False
1741811622906,83027.99,0.10699,True
1741811622906,83027.99,0.00531,True
1741811623898,83027.99,7e-05,True
1741811624005,83028.0,0.00017,False
1741811624461,83027.99,0.08259,True
1741811624461,83027.99,0.0615,True
1741811625459,83027.99,7e-05,True
1741811625459,83027.99,0.00014,True
1741811625459,83027.99,7e-05,True
1741811625459,83027.99,7e-05,True
1741811625459,83027.99,0.04698,True
1741811625459,83027.99,7e-05,True
1741811625459,83027.99,0.0012,True
1741811625459,83027.99,0.24086,True
1741811625459,83027.99,7e-05,True
1741811625459,83027.99,0.0001,True
1741811625459,83027.99,7e-05,True
1741811625459,83027.99,7e-05,True
1741811625459,83027.99,0.0001,True
1741811625459,83027.99,0.0001,True
1741811625459,83027.98,0.00013,True
1741811625459,83027.98,0.00013,True
1741811625459,83027.98,0.00014,True
1741811625459,83027.98,7e-05,True
1741811625459,83027.98,7e-05,True
1741811625459,83027.96,7e-05,True
1741811625459,83027.96,7e-05,True
1741811625459,83027.95,7e-05,True
1741811625459,83027.95,7e-05,True
1741811625459,83027.94,7e-05,True
1741811625459,83027.94,7e-05,True
1741811625459,83027.93,7e-05,True
1741811625459,83027.92,7e-05,True
1741811625459,83027.91,7e-05,True
1741811625459,83027.56,7e-05,True
1741811625459,83027.44,7e-05,True
1741811625459,83027.43,0.01274,True
1741811625459,83027.43,0.03011,True
1741811625459,83027.43,0.02408,True
1741811625459,83027.43,0.01633,True
1741811625459,83027.43,0.04389,True
1741811625459,83027.43,0.03011,True
1741811625459,83027.43,0.03011,True
1741811625459,83027.43,0.02367,True
1741811625459,83027.43,0.03011,True
1741811625459,83027.43,0.00315,True
1741811625459,83027.43,0.00136,True
1741811625459,83027.43,0.28889,True
1741811625459,83027.43,0.2621,True
1741811625459,83027.43,0.229,True
1741811625459,83027.43,0.005,True
1741811625459,83027.43,0.01,True
1741811625459,83027.43,0.57508,True
1741811625459,83027.43,0.0006,True
1741811625459,83027.43,0.04,True
1741811625459,83027.43,0.08,True
1741811625459,83027.43,2.23525,True
1741811625459,83027.43,0.00522,True
1741811625459,83027.43,0.01102,True
1741811625459,83027.43,0.11627,True
1741811625459,83027.43,0.31283,True
1741811625459,83027.43,0.2241,True
1741811625459,83027.43,0.72404,True
1741811625459,83027.43,0.02616,True
1741811625460,83027.43,0.01126,True
1741811625460,83027.43,0.3865,True
1741811625460,83027.43,0.13633,True
1741811625460,83027.43,0.1026,True
1741811625460,83027.43,0.54426,True
1741811625460,83027.43,0.0888,True
1741811625460,83027.43,0.23313,True
1741811625460,83027.43,0.20093,True
1741811625460,83027.43,0.13126,True
1741811625460,83027.43,0.02328,True
1741811625460,83027.43,0.0132,True
1741811625460,83027.43,0.1485,True
1741811625460,83027.43,0.00598,True
1741811625460,83027.43,0.42985,True
1741811625460,83027.43,0.00863,True
1741811625460,83027.43,0.00821,True
1741811625460,83027.43,0.07444,True
1741811625461,83027.43,0.01237,True
1741811625461,83027.43,0.1614,True
1741811625462,83027.43,2.57703,True
1741811625462,83027.43,7e-05,True
1741811625462,83027.43,0.0001,True
1741811625462,83027.43,7e-05,True
1741811625462,83027.43,7e-05,True
1741811625462,83027.43,7e-05,True
1741811625462,83027.43,7e-05,True
1741811625462,83027.43,7e-05,True
1741811625462,83027.43,7e-05,True
1741811625463,83027.42,0.00014,True
1741811625466,83027.42,0.00399,True
1741811625466,83027.42,0.00022,True
1741811625466,83027.42,7e-05,True
1741811625466,83027.42,7e-05,True
1741811625466,83027.42,0.0001,True
1741811625466,83027.42,7e-05,True
1741811625466,83027.42,0.00435,True
1741811625466,83027.42,0.00435,True
1741811625466,83027.42,0.00364,True
1741811625466,83027.42,0.00071,True
1741811625466,83027.42,7e-05,True
1741811625466,83027.42,7e-05,True
1741811625466,83027.42,0.00034,True
1741811625466,83027.4,7e-05,True
1741811625466,83027.39,0.00333,True
1741811625466,83027.39,0.01566,True
1741811625466,83027.39,0.00227,True
1741811625466,83027.39,7e-05,True
1741811625466,83027.39,7e-05,True
1741811625468,83026.72,7e-05,True
1741811625468,83026.72,7e-05,True
1741811625468,83026.72,7e-05,True
1741811625468,83026.67,0.00061,True
1741811625468,83026.67,7e-05,True
1741811625468,83026.67,7e-05,True
1741811625468,83026.6,7e-05,True
1741811625468,83026.59,7e-05,True
1741811625468,83026.59,7e-05,True
1741811625468,83025.89,7e-05,True
1741811625468,83025.89,7e-05,True
1741811625468,83024.94,7e-05,True
1741811625468,83024.93,7e-05,True
1741811625468,83024.52,0.00503,True
1741811625468,83024.52,7e-05,True
1741811625468,83024.47,0.00492,True
1741811625501,83024.47,0.0071,True
1741811625502,83024.47,0.02798,True
1741811625502,83024.47,7e-05,True
1741811625502,83024.47,7e-05,True
1741811625502,83024.47,7e-05,True
1741811625502,83024.47,7e-05,True
1741811625502,83024.47,7e-05,True
1741811625502,83024.47,7e-05,True
1741811625502,83024.47,0.0001,True
1741811625502,83024.47,0.0001,True
1741811625502,83024.47,7e-05,True
1741811625502,83024.47,7e-05,True
1741811625502,83024.47,7e-05,True
1741811625502,83024.47,7e-05,True
1741811625502,83024.47,7e-05,True
1741811625502,83024.47,7e-05,True
1741811625502,83024.47,7e-05,True
1741811625502,83024.47,7e-05,True
1741811625502,83024.47,7e-05,True
1741811625502,83024.47,7e-05,True
1741811625502,83024.46,0.00014,True
1741811625502,83024.46,7e-05,True
1741811625502,83024.46,7e-05,True
1741811625502,83024.44,0.0001,True
1741811625502,83024.44,7e-05,True
1741811625502,83024.44,7e-05,True
1741811625502,83024.23,7e-05,True
1741811625502,83024.23,7e-05,True
1741811625502,83024.11,7e-05,True
1741811625502,83024.11,0.00015,True
1741811625502,83024.11,0.00015,True
1741811625502,83024.11,0.00015,True
1741811625502,83024.11,7e-05,True
1741811625502,83024.11,7e-05,True
1741811625502,83024.1,7e-05,True
1741811625502,83023.57,7e-05,True
1741811625502,83023.57,7e-05,True
1741811625502,83023.56,0.00502,True
1741811625502,83023.56,7e-05,True
1741811625505,83022.55,7e-05,True
1741811625568,83022.55,0.0026,False
1741811625584,83022.54,7e-05,True
1741811625584,83022.54,0.0001,True
1741811625584,83022.54,7e-05,True
1741811625584,83022.54,7e-05,True
1741811625584,83022.54,7e-05,True
1741811625584,83022.54,7e-05,True
1741811625584,83022.54,7e-05,True
1741811625584,83022.54,0.00302,True
1741811625584,83022.53,0.00013,True
1741811625584,83022.53,7e-05,True
1741811625584,83022.53,7e-05,True
1741811625584,83022.52,8e-05,True
1741811625584,83022.52,8e-05,True
1741811625584,83022.52,8e-05,True
1741811625584,83022.52,7e-05,True
1741811625584,83022.52,7e-05,True
1741811625584,83022.51,9e-05,True
1741811625584,83022.51,7e-05,True
1741811625584,83022.51,7e-05,True
1741811625584,83021.74,7e-05,True
1741811625584,83021.74,7e-05,True
1741811625584,83021.74,7e-05,True
1741811625584,83021.39,8e-05,True
1741811625584,83021.39,7e-05,True
1741811625584,83021.38,0.00022,True
1741811625584,83021.38,0.0006,True
1741811625584,83021.38,0.00056,True
1741811625584,83021.38,7e-05,True
1741811625584,83021.25,7e-05,True
1741811625584,83021.25,7e-05,True
1741811625584,83021.24,0.00505,True
1741811625584,83020.9,7e-05,True
1741811625584,83019.12,0.003,True
1741811625584,83018.87,7e-05,True
1741811625584,83018.86,0.03104,True
1741811625584,83018.86,0.05064,True
1741811625584,83018.41,7e-05,True
1741811625584,83018.09,7e-05,True
1741811625584,83018.08,0.04342,True
1741811625584,83017.96,0.0009,True
1741811625584,83016.84,0.00013,True
1741811625584,83015.54,7e-05,True
1741811625584,83015.53,0.05915,True
1741811625584,83015.48,0.00631,True
1741811625584,83015.06,0.0009,True
1741811625584,83013.48,0.0009,True
1741811625584,83011.44,0.00013,True
1741811625584,83010.87,0.00987,True
1741811625584,83010.87,0.00857,True
1741811625584,83010.83,0.0006,True
1741811625584,83008.52,0.00013,True
1741811625584,83008.44,7e-05,True
1741811625584,83008.43,7e-05,True
1741811625584,83007.18,0.07056,True
1741811625585,83007.18,0.04292,True
1741811625585,83007.17,0.003,True
1741811625585,83006.23,0.03408,True
1741811625585,83006.04,0.00013,True
1741811625585,83004.17,0.00013,True
1741811625585,83003.92,0.15974,True
1741811625647,83003.93,0.00065,False
1741811625686,83003.92,0.00345,True
1741811625912,83003.93,0.00014,False
1741811625912,83003.93,0.0441,False
1741811625912,83003.93,0.1,False
1741811625912,83003.93,0.00089,False
1741811625912,83003.93,0.0001,False
1741811625912,83003.94,0.00013,False
1741811625912,83003.94,0.00013,False
1741811625912,83003.94,0.00014,False
1741811625912,83007.98,0.00011,False
1741811625912,83008.42,7e-05,False
