timestamp,price,volume,is_ask
1741805013854,82669.97,0.00014,True
1741805013854,82669.97,0.0001,True
1741805013859,82669.96,0.00018,True
1741805013859,82669.96,0.00013,True
1741805013859,82669.96,0.00014,True
1741805013859,82669.96,0.00014,True
1741805013904,82669.55,7e-05,True
1741805013904,82669.55,0.00016,True
1741805013904,82669.55,0.00016,True
1741805013904,82669.55,0.00016,True
1741805013904,82669.55,0.0001,True
1741805013913,82669.54,0.00499,True
1741805013916,82669.54,0.00063,True
1741805014815,82669.54,0.01257,True
1741805014815,82669.54,0.0001,True
1741805014815,82669.54,0.0001,True
1741805014815,82669.54,0.00014,True
1741805014815,82669.54,0.00011,True
1741805014815,82669.54,0.0001,True
1741805014815,82669.54,0.0001,True
1741805014815,82669.53,0.00037,True
1741805014815,82669.53,0.00014,True
1741805014815,82669.53,0.00013,True
1741805014815,82669.53,0.00014,True
1741805014815,82668.87,7e-05,True
1741805014815,82668.0,0.0001,True
1741805014815,82667.46,0.00017,True
1741805014815,82667.23,7e-05,True
1741805014815,82666.88,0.00013,True
1741805014815,82666.88,0.00013,True
1741805014815,82666.88,0.00013,True
1741805014815,82666.87,0.0003,True
1741805014815,82666.34,0.00171,True
1741805014815,82665.58,7e-05,True
1741805014815,82665.57,8e-05,True
1741805014815,82665.22,0.00021,True
1741805014815,82664.46,8e-05,True
1741805014815,82664.0,0.0001,True
1741805014815,82663.86,7e-05,True
1741805014977,82663.86,0.00128,False
1741805015401,82663.86,0.0001,False
1741805015401,82663.86,7e-05,False
1741805015401,82663.86,7e-05,False
1741805015401,82663.86,7e-05,False
1741805015401,82663.86,7e-05,False
1741805015401,82663.86,7e-05,False
1741805015401,82663.86,7e-05,False
1741805015401,82663.86,0.0001,False
1741805015401,82663.86,7e-05,False
1741805015401,82663.86,7e-05,False
1741805015401,82663.86,7e-05,False
1741805015401,82663.86,7e-05,False
1741805015401,82663.86,7e-05,False
1741805015401,82663.86,7e-05,False
1741805015401,82663.86,7e-05,False
1741805015401,82663.86,7e-05,False
1741805015401,82663.86,7e-05,False
1741805015401,82663.86,7e-05,False
1741805015401,82663.86,0.0001,False
1741805015401,82663.86,0.00303,False
1741805015401,82663.86,0.0005,False
1741805015401,82663.86,0.00013,False
1741805015401,82663.86,7e-05,False
1741805015401,82663.86,0.0001,False
1741805015401,82663.86,0.0001,False
1741805015401,82663.86,0.00053,False
1741805015401,82663.86,7e-05,False
1741805015403,82663.87,0.00013,False
1741805015403,82663.87,0.00013,False
1741805015403,82663.87,0.00013,False
1741805015403,82663.87,7e-05,False
1741805015403,82663.87,7e-05,False
1741805015403,82663.87,0.0001,False
1741805015403,82663.88,0.00057,False
1741805015403,82663.88,7e-05,False
1741805015403,82663.88,7e-05,False
1741805015407,82663.92,7e-05,False
1741805015407,82663.92,7e-05,False
1741805015407,82663.92,0.0001,False
1741805015407,82663.92,7e-05,False
1741805015407,82663.92,7e-05,False
1741805015407,82663.92,7e-05,False
1741805015407,82663.93,7e-05,False
1741805015407,82663.93,7e-05,False
1741805015407,82663.93,9e-05,False
1741805015407,82663.93,9e-05,False
1741805015407,82663.93,0.0001,False
1741805015407,82663.94,7e-05,False
1741805015407,82663.94,7e-05,False
1741805015407,82663.95,7e-05,False
1741805015407,82663.95,7e-05,False
1741805015407,82664.0,7e-05,False
1741805015407,82664.0,7e-05,False
1741805015409,82664.75,7e-05,False
1741805015409,82664.75,0.0001,False
1741805015409,82665.03,7e-05,False
1741805015409,82665.03,7e-05,False
1741805015732,82665.04,7e-05,False
1741805015732,82665.04,7e-05,False
1741805015732,82665.04,0.00053,False
1741805015732,82665.04,0.00062,False
1741805015832,82665.04,0.0001,False
1741805016351,82665.04,0.00029,False
1741805016351,82665.04,7e-05,False
1741805016351,82665.04,7e-05,False
1741805016351,82665.04,0.00014,False
1741805016351,82665.04,6e-05,False
1741805016442,82665.03,0.08478,True
1741805016442,82665.03,0.03673,True
1741805016442,82665.03,9e-05,True
1741805016442,82665.03,0.00013,True
1741805016442,82665.03,0.00967,True
1741805016442,82665.03,0.0045,True
1741805016442,82665.03,0.22142,True
1741805016442,82665.03,0.0477,True
1741805016442,82665.03,0.10411,True
1741805016442,82665.03,0.1,True
1741805016442,82665.03,0.0001,True
1741805016442,82665.02,0.00013,True
1741805016442,82665.02,0.00013,True
1741805016442,82665.02,0.00013,True
1741805016442,82665.0,0.003,True
1741805016442,82664.73,0.00026,True
1741805016442,82664.08,8e-05,True
1741805016448,82662.29,7e-05,True
1741805016448,82661.61,7e-05,True
1741805016448,82661.47,0.00013,True
1741805016448,82661.46,7e-05,True
1741805016448,82660.0,0.0001,True
1741805016448,82659.54,7e-05,True
1741805016448,82659.12,0.0017,True
1741805016448,82658.99,7e-05,True
1741805016448,82658.01,0.00027,True
1741805016448,82657.82,7e-05,True
1741805016448,82657.68,0.00012,True
1741805016448,82657.62,7e-05,True
1741805016448,82656.72,0.02746,True
1741805016448,82656.72,7e-05,True
1741805016855,82656.73,0.00592,False
1741805016885,82656.72,0.0001,True
1741805016885,82656.72,0.00013,True
1741805016885,82656.72,8e-05,True
1741805016885,82656.72,0.00051,True
1741805016885,82656.72,0.00051,True
1741805016885,82656.72,0.00051,True
1741805016885,82656.72,0.0009,True
1741805016885,82656.71,0.0004,True
1741805016885,82656.71,0.00013,True
1741805016885,82656.71,0.00013,True
1741805016885,82656.67,0.00014,True
1741805016885,82656.53,7e-05,True
1741805016885,82656.0,0.0001,True
1741805016885,82655.7,7e-05,True
1741805016885,82654.73,7e-05,True
1741805016908,82654.73,0.00237,False
1741805017186,82654.73,8e-05,False
