timestamp,price,volume,is_ask
1741802173914,82056.12,0.00865,True
1741802173914,82056.12,0.08964,True
1741802173914,82056.12,0.06839,True
1741802173914,82056.12,0.07495,True
1741802173914,82056.12,0.06755,True
1741802173914,82056.12,0.0744,True
1741802173976,82056.13,0.0009,False
1741802174271,82056.13,0.00731,False
1741802174492,82056.13,0.0002,False
1741802174831,82056.12,0.00015,True
1741802175006,82056.12,0.04588,True
1741802175006,82056.12,0.07783,True
1741802175607,82056.12,7e-05,True
1741802175607,82056.12,2e-05,True
1741802175733,82056.12,0.00012,True
1741802175733,82056.12,4e-05,True
1741802175795,82056.12,6e-05,True
1741802175795,82056.12,6e-05,True
1741802175929,82056.12,0.00118,True
1741802175975,82056.13,0.00012,False
1741802175991,82056.12,0.00034,True
1741802175991,82056.12,0.17044,True
1741802175991,82056.12,0.15099,True
1741802175992,82056.12,0.01614,True
1741802175992,82056.12,0.02523,True
1741802175992,82056.12,0.0001,True
1741802175992,82056.12,0.04022,True
1741802175992,82056.12,0.00027,True
1741802175992,82056.12,0.00804,True
1741802175992,82056.12,7e-05,True
1741802175992,82056.12,0.06093,True
1741802175992,82056.12,0.00574,True
1741802175992,82056.12,0.02472,True
1741802175992,82056.12,0.0001,True
1741802175992,82056.12,0.0001,True
1741802175992,82056.12,0.00913,True
1741802175992,82056.12,0.0289,True
1741802175992,82056.12,0.00013,True
1741802175992,82056.11,0.00014,True
1741802175992,82056.11,0.00014,True
1741802175992,82056.11,0.00014,True
1741802175992,82056.11,7e-05,True
1741802175992,82056.11,0.00053,True
1741802175992,82056.06,7e-05,True
1741802175992,82056.05,7e-05,True
1741802175992,82056.01,7e-05,True
1741802175992,82056.0,7e-05,True
1741802175992,82055.98,7e-05,True
1741802175992,82055.96,7e-05,True
1741802175992,82055.45,7e-05,True
1741802175992,82055.45,9e-05,True
1741802175992,82055.45,9e-05,True
1741802175992,82055.44,0.01428,True
1741802175992,82055.44,0.01405,True
1741802175992,82055.44,0.02319,True
1741802175992,82055.44,0.08915,True
1741802175992,82055.44,0.22336,True
1741802175992,82055.44,0.01836,True
1741802175992,82055.44,0.07881,True
1741802175992,82055.4,7e-05,True
1741802175992,82055.39,0.12199,True
1741802175992,82055.39,0.02827,True
1741802175992,82055.39,0.31094,True
1741802175992,82055.39,8e-05,True
1741802175993,82054.95,0.02693,True
1741802175993,82054.95,0.08727,True
1741802175993,82054.95,0.04695,True
1741802175994,82054.95,0.00618,True
1741802175994,82054.95,0.17914,True
1741802175994,82054.95,0.11473,True
1741802175994,82054.61,0.00101,True
1741802175994,82054.53,0.07016,True
1741802175997,82054.53,0.39104,True
1741802175997,82054.53,7e-05,True
1741802175997,82054.02,7e-05,True
1741802175997,82054.02,7e-05,True
1741802176003,82053.55,0.00012,True
1741802176003,82053.55,0.00012,True
1741802176003,82053.55,0.00012,True
1741802176003,82053.55,7e-05,True
1741802176003,82053.54,7e-05,True
1741802176009,82053.19,7e-05,True
1741802176009,82053.19,0.0001,True
1741802176009,82053.18,0.0001,True
1741802176009,82052.26,7e-05,True
1741802176009,82052.26,7e-05,True
1741802176241,82052.26,0.01304,False
1741802176263,82052.26,0.00214,False
1741802176263,82052.26,0.04361,False
1741802176279,82052.26,0.00018,False
1741802176511,82052.25,0.04525,True
1741802176511,82052.25,0.0044,True
1741802176511,82052.25,7e-05,True
1741802176511,82052.25,0.00014,True
1741802176511,82052.25,0.0001,True
1741802176511,82052.25,0.0001,True
1741802176511,82052.25,0.0001,True
1741802176511,82052.25,0.00022,True
1741802176511,82052.24,0.00053,True
1741802176511,82052.24,0.00014,True
1741802176511,82052.24,0.00013,True
1741802176511,82052.24,0.00014,True
1741802176511,82052.24,0.0001,True
1741802176511,82052.24,7e-05,True
1741802176511,82051.92,0.00123,True
1741802176511,82051.92,7e-05,True
1741802176511,82051.89,0.00013,True
1741802176511,82051.89,7e-05,True
1741802176511,82051.55,7e-05,True
1741802176511,82051.55,7e-05,True
1741802176511,82050.9,7e-05,True
1741802176511,82050.89,7e-05,True
1741802176511,82050.86,0.00013,True
1741802176511,82050.86,0.00013,True
1741802176511,82050.86,7e-05,True
1741802176511,82050.79,0.00014,True
1741802176511,82050.72,7e-05,True
1741802176511,82048.65,8e-05,True
1741802176511,82046.96,8e-05,True
1741802176511,82046.15,0.00013,True
1741802176511,82045.9,0.00013,True
1741802176511,82045.82,9e-05,True
1741802176511,82045.82,7e-05,True
1741802176511,82045.81,0.00392,True
1741802176580,82045.82,0.00016,False
1741802176589,82045.82,0.00016,False
1741802176590,82045.82,0.00016,False
1741802176591,82045.82,0.00016,False
1741802176593,82045.82,0.00016,False
1741802176597,82045.82,0.00016,False
1741802176601,82045.82,0.00016,False
1741802176607,82045.82,0.00016,False
1741802176607,82045.82,0.00016,False
1741802176611,82045.82,0.00016,False
1741802177052,82045.81,0.0001,True
1741802177052,82045.81,0.00232,True
1741802177052,82045.81,0.0095,True
1741802177052,82045.81,0.00101,True
1741802177052,82045.81,7e-05,True
1741802177052,82045.81,0.00014,True
1741802177052,82045.81,0.0001,True
1741802177052,82045.81,0.0001,True
1741802177052,82045.81,0.0001,True
1741802177052,82045.81,0.00065,True
1741802177052,82045.8,0.00031,True
1741802177052,82045.8,0.00056,True
1741802177052,82045.8,7e-05,True
1741802177052,82045.8,0.00013,True
1741802177052,82045.8,0.00013,True
1741802177052,82045.8,0.00014,True
1741802177052,82045.8,0.0001,True
1741802177052,82045.78,7e-05,True
1741802177052,82045.78,0.00024,True
1741802177052,82045.78,0.01,True
1741802177052,82045.78,0.08163,True
1741802177052,82045.78,0.02695,True
1741802177052,82045.63,7e-05,True
1741802177052,82045.5,7e-05,True
1741802177052,82044.96,7e-05,True
1741802177053,82044.24,7e-05,True
1741802177053,82044.24,0.00034,True
1741802177053,82044.24,0.00034,True
1741802177053,82044.24,0.00033,True
1741802177053,82044.23,7e-05,True
1741802177056,82041.85,0.00207,True
1741802177056,82041.85,7e-05,True
1741802177059,82041.14,7e-05,True
1741802177059,82041.14,7e-05,True
1741802177059,82041.14,0.0001,True
1741802177059,82041.13,0.0106,True
1741802177059,82041.13,7e-05,True
1741802177062,82039.29,8e-05,True
1741802177062,82039.29,8e-05,True
1741802177062,82039.29,7e-05,True
1741802177062,82038.65,9e-05,True
1741802177062,82038.65,9e-05,True
1741802177062,82038.65,7e-05,True
1741802177064,82038.45,0.00078,True
1741802177064,82038.45,7e-05,True
1741802177064,82038.38,7e-05,True
1741802177068,82037.68,0.00149,True
1741802177068,82037.68,7e-05,True
1741802177068,82037.68,0.0001,True
1741802177068,82037.68,0.0001,True
1741802177068,82037.68,0.0001,True
1741802177068,82037.67,0.0001,True
1741802177068,82037.61,0.0001,True
1741802177068,82037.61,0.0001,True
1741802177068,82037.61,7e-05,True
1741802177068,82037.61,7e-05,True
1741802177068,82037.61,0.00033,True
1741802177068,82037.61,0.00033,True
1741802177068,82037.6,0.003,True
1741802177068,82037.6,7e-05,True
1741802177068,82037.2,7e-05,True
1741802177068,82037.2,7e-05,True
1741802177068,82037.08,0.00013,True
1741802177068,82037.08,7e-05,True
1741802177068,82036.35,7e-05,True
1741802177068,82036.35,7e-05,True
1741802177068,82036.31,0.001,True
1741802177068,82036.31,7e-05,True
1741802177068,82035.23,0.00013,True
1741802177068,82035.23,7e-05,True
1741802177068,82035.15,8e-05,True
1741802177068,82033.84,0.00013,True
1741802177068,82033.71,0.00013,True
1741802177068,82033.05,7e-05,True
1741802177102,82032.5,0.00303,True
1741802177102,82032.5,7e-05,True
1741802177102,82032.5,0.00014,True
1741802177102,82032.5,0.0001,True
1741802177102,82032.5,0.0001,True
1741802177102,82032.5,0.0001,True
1741802177102,82032.5,0.00238,True
1741802177102,82032.49,0.00066,True
1741802177102,82032.49,0.00051,True
1741802177102,82032.49,0.0001,True
1741802177102,82032.49,7e-05,True
1741802177102,82031.51,7e-05,True
1741802177102,82031.4,7e-05,True
1741802177102,82031.4,7e-05,True
1741802177102,82031.39,0.05783,True
1741802177126,82031.39,7e-05,True
1741802177126,82031.39,7e-05,True
1741802177126,82031.39,0.00057,True
1741802177126,82031.39,0.0001,True
1741802177126,82031.39,0.0001,True
1741802177126,82031.39,0.0001,True
1741802177126,82031.38,0.00051,True
1741802177126,82031.38,7e-05,True
1741802177126,82031.38,0.0001,True
1741802177126,82031.16,7e-05,True
1741802177126,82031.15,7e-05,True
1741802177126,82030.62,0.00068,True
1741802177126,82030.62,0.00035,True
1741802177126,82030.62,0.00035,True
1741802177126,82030.62,7e-05,True
1741802177126,82029.67,0.01239,True
1741802177126,82029.41,9e-05,True
1741802177126,82029.41,7e-05,True
1741802177126,82029.4,0.003,True
1741802177126,82029.4,7e-05,True
1741802177126,82028.31,7e-05,True
1741802177219,82028.31,0.00064,False
1741802177269,82028.31,0.0002,False
1741802177340,82028.3,0.05975,True
1741802177340,82028.3,0.00519,True
1741802177340,82028.3,7e-05,True
1741802177340,82028.3,0.00082,True
1741802177340,82028.3,0.00363,True
1741802177340,82028.3,0.00013,True
1741802177340,82028.3,0.0001,True
1741802177340,82028.3,0.0001,True
1741802177340,82028.3,0.0001,True
1741802177340,82028.29,0.00021,True
1741802177340,82028.29,0.00055,True
1741802177340,82028.29,7e-05,True
1741802177340,82028.29,0.00014,True
1741802177340,82028.29,0.00013,True
1741802177340,82028.29,0.00013,True
1741802177340,82028.29,0.0001,True
1741802177340,82027.76,7e-05,True
1741802177340,82027.68,7e-05,True
1741802177340,82027.68,7e-05,True
1741802177340,82027.63,0.003,True
1741802177340,82027.63,7e-05,True
1741802177340,82027.39,7e-05,True
1741802177340,82026.85,7e-05,True
1741802177340,82026.85,7e-05,True
1741802177340,82026.67,7e-05,True
1741802177340,82025.4,0.00031,True
1741802177340,82025.31,0.00026,True
1741802177340,82025.31,0.00026,True
1741802177340,82025.31,0.00026,True
1741802177340,82025.21,7e-05,True
1741802177340,82024.57,0.00013,True
1741802177340,82023.33,0.00039,True
1741802177340,82023.31,0.00021,True
1741802177340,82023.27,0.00012,True
1741802177340,82022.35,0.00013,True
1741802177340,82021.53,0.00013,True
1741802177340,82020.83,0.00417,True
1741802177340,82020.83,0.04676,True
1741802177361,82020.83,7e-05,True
1741802177361,82020.83,0.0001,True
1741802177361,82020.83,0.00073,True
1741802177361,82020.82,0.00051,True
1741802177361,82020.82,0.00038,True
1741802177361,82020.82,7e-05,True
1741802177361,82020.6,7e-05,True
1741802177361,82020.6,7e-05,True
1741802177361,82020.1,0.00022,True
1741802177361,82020.1,0.00026,True
1741802177361,82020.1,0.00026,True
1741802177361,82020.1,0.00026,True
1741802177361,82020.1,7e-05,True
1741802177361,82020.0,0.00013,True
1741802177361,82020.0,7e-05,True
1741802177388,82019.11,0.00033,False
1741802177394,82019.1,0.00056,True
1741802177394,82019.1,8e-05,True
1741802177394,82019.1,7e-05,True
1741802177394,82019.1,0.0001,True
1741802177399,82019.1,0.00016,False
1741802177407,82019.1,0.00016,False
1741802177407,82019.1,0.00016,False
1741802177407,82019.1,0.00016,False
1741802177410,82019.1,0.00016,False
1741802177415,82019.1,0.00016,False
1741802177417,82019.1,0.00016,False
1741802177420,82019.1,0.00016,False
1741802177420,82019.1,0.00016,False
1741802177429,82019.1,0.00016,False
1741802177430,82019.1,0.00016,False
1741802177430,82019.1,0.00016,False
1741802177437,82019.1,0.00016,False
1741802177450,82019.09,0.00051,True
1741802177450,82019.09,7e-05,True
1741802177450,82019.09,0.0001,True
1741802177450,82019.09,0.00098,True
1741802177450,82019.08,0.00057,True
1741802177450,82019.08,7e-05,True
1741802177450,82017.37,0.00014,True
1741802177450,82017.37,0.00014,True
1741802177450,82017.37,0.00014,True
1741802177450,82017.37,7e-05,True
1741802177450,82017.36,0.00013,True
1741802177450,82017.36,7e-05,True
1741802177459,82016.45,0.0001,True
1741802177459,82016.45,0.00054,True
1741802177459,82016.44,0.00014,True
1741802177459,82016.44,0.00051,True
1741802177459,82016.21,7e-05,True
1741802177459,82016.2,0.004,True
1741802177459,82015.12,0.00011,True
1741802177459,82015.12,0.00011,True
1741802177459,82015.11,0.00028,True
1741802177459,82015.11,7e-05,True
1741802177459,82015.09,0.00013,True
1741802177459,82015.09,7e-05,True
1741802177461,82013.91,7e-05,True
1741802177461,82013.91,0.0001,True
1741802177461,82013.56,7e-05,True
1741802177461,82013.56,7e-05,True
1741802177461,82013.56,0.00019,True
1741802177464,82013.01,0.00013,True
1741802177464,82013.01,7e-05,True
1741802177464,82013.01,0.0001,True
1741802177464,82013.01,0.00501,True
1741802177465,82013.01,0.0102,True
1741802177515,82013.01,0.0001,True
1741802177515,82013.01,7e-05,True
1741802177515,82013.01,7e-05,True
1741802177515,82013.01,0.00013,True
1741802177515,82013.01,0.00058,True
1741802177515,82013.0,0.00017,True
1741802177515,82013.0,0.00051,True
1741802177515,82013.0,7e-05,True
1741802177515,82012.76,7e-05,True
1741802177515,82012.76,7e-05,True
1741802177515,82012.76,0.00012,True
1741802177515,82012.76,0.00012,True
1741802177515,82012.75,0.006,True
1741802177515,82012.75,7e-05,True
1741802177537,82012.3,7e-05,True
1741802177537,82012.3,0.00056,True
1741802177537,82012.3,7e-05,True
1741802177537,82012.3,0.0001,True
1741802177537,82012.3,0.09523,True
1741802177582,82012.3,0.0001,True
1741802177582,82012.3,7e-05,True
1741802177582,82012.3,0.00055,True
1741802177582,82012.29,0.00054,True
1741802177582,82012.29,0.00014,True
1741802177582,82012.29,0.00013,True
1741802177582,82012.29,7e-05,True
1741802177582,82012.04,7e-05,True
1741802177582,82012.04,7e-05,True
1741802177615,82011.32,7e-05,True
1741802177615,82011.32,7e-05,True
1741802177615,82011.32,0.0001,True
1741802177615,82011.32,0.0169,True
1741802177615,82011.32,0.00053,True
1741802177615,82011.32,0.00116,True
1741802177615,82011.31,0.03436,True
1741802177615,82011.31,8e-05,True
1741802177615,82011.31,0.00057,True
1741802177615,82011.31,7e-05,True
1741802177615,82011.21,7e-05,True
1741802177615,82011.02,0.00012,True
1741802177615,82011.02,9e-05,True
1741802177615,82011.02,9e-05,True
1741802177615,82011.02,7e-05,True
1741802177615,82010.88,0.00013,True
1741802177615,82010.88,7e-05,True
1741802177615,82010.88,0.003,True
1741802177615,82010.88,0.01851,True
1741802177615,82010.87,7e-05,True
1741802177615,82010.87,0.00039,True
1741802177615,82010.87,7e-05,True
1741802178025,82010.87,8e-05,False
1741802178540,82010.86,0.03945,True
1741802178540,82010.86,0.00337,True
1741802178540,82010.86,7e-05,True
1741802178540,82010.86,0.00228,True
1741802178540,82010.86,0.00013,True
1741802178540,82010.86,0.00742,True
1741802178540,82010.86,0.00076,True
1741802178540,82010.86,0.04653,True
1741802178616,82010.86,0.0001,True
1741802178616,82010.86,7e-05,True
1741802178616,82010.86,0.00077,True
1741802178616,82010.85,0.00013,True
1741802178616,82010.85,0.00052,True
1741802178616,82010.85,0.00013,True
1741802178616,82010.85,0.00014,True
1741802178616,82010.85,7e-05,True
1741802178616,82010.79,7e-05,True
1741802178616,82010.39,7e-05,True
1741802178616,82010.39,7e-05,True
1741802178616,82010.0,8e-05,True
1741802178616,82010.0,7e-05,True
1741802178616,82009.93,7e-05,True
1741802178616,82009.92,7e-05,True
1741802178616,82009.82,7e-05,True
1741802178616,82009.71,8e-05,True
1741802178616,82009.57,7e-05,True
1741802178616,82008.16,0.00017,True
1741802178616,82008.16,0.00014,True
1741802178616,82008.16,0.00014,True
1741802178616,82008.16,0.00014,True
1741802178616,82007.18,7e-05,True
1741802178616,82007.1,7e-05,True
1741802178616,82006.75,0.00012,True
1741802178616,82006.01,8e-05,True
1741802178616,82006.01,8e-05,True
1741802178616,82006.0,7e-05,True
1741802178616,82006.0,9e-05,True
1741802178616,82006.0,9e-05,True
1741802178774,82005.99,7e-05,True
1741802178774,82005.99,0.00013,True
1741802178774,82005.99,0.0167,True
1741802178811,82005.99,0.0001,True
1741802178811,82005.99,7e-05,True
1741802178811,82005.99,0.00011,True
1741802178811,82005.99,0.00011,True
1741802178811,82005.99,0.00011,True
1741802178811,82005.99,0.00058,True
1741802178811,82005.98,0.00054,True
1741802178811,82005.98,0.00027,True
1741802178811,82005.98,0.00013,True
1741802178811,82005.98,0.00013,True
1741802178811,82005.98,0.00014,True
1741802178811,82005.98,7e-05,True
1741802178811,82005.45,7e-05,True
1741802178811,82005.45,7e-05,True
1741802178811,82004.83,0.00304,True
1741802178811,82004.83,7e-05,True
1741802178811,82004.63,7e-05,True
1741802178811,82004.63,7e-05,True
1741802178811,82004.42,7e-05,True
1741802178811,82004.0,7e-05,True
1741802178811,82003.81,7e-05,True
1741802178811,82003.81,7e-05,True
1741802178819,82003.02,0.00034,True
1741802178819,82003.02,7e-05,True
1741802178819,82003.02,0.00015,True
1741802178819,82003.02,0.00015,True
1741802178819,82003.02,0.00015,True
1741802178819,82003.02,0.0001,True
1741802178819,82003.02,0.00015,True
1741802178819,82003.02,0.00053,True
1741802178819,82003.01,0.0003,True
1741802178819,82003.01,0.00015,True
1741802178819,82003.01,7e-05,True
1741802178819,82003.01,7e-05,True
1741802178819,82003.01,8e-05,True
1741802178819,82003.01,8e-05,True
1741802178839,82003.01,0.0004,False
1741802178936,82003.0,0.18773,True
1741802178936,82003.0,0.00014,True
1741802178936,82003.0,0.00014,True
1741802178936,82003.0,0.00014,True
1741802178936,82003.0,0.0001,True
1741802178936,82003.0,0.02092,True
1741802178936,82003.0,0.0012,True
1741802178936,82003.0,0.00014,True
1741802178936,82002.99,0.00014,True
1741802178936,82002.96,0.00056,True
1741802178936,82002.72,7e-05,True
1741802178936,82002.68,0.003,True
1741802178936,82002.68,7e-05,True
1741802178936,82002.47,0.00201,True
1741802178936,82002.44,7e-05,True
1741802178936,82002.43,0.00676,True
1741802178936,82001.98,0.00013,True
1741802178936,82001.12,9e-05,True
1741802178936,82001.03,0.0001,True
1741802178936,82001.03,0.0001,True
1741802178936,82001.03,0.0001,True
1741802178936,82001.02,0.00014,True
1741802178936,82001.01,0.00046,True
1741802178936,82001.01,9e-05,True
1741802178936,82001.01,9e-05,True
1741802178936,82001.01,7e-05,True
1741802178936,82001.01,0.00018,True
1741802178936,82001.0,0.00131,True
1741802178936,82001.0,0.02438,True
1741802178936,82000.79,0.00013,True
1741802178937,82000.4,8e-05,True
1741802178937,82000.3,0.00012,True
1741802178937,82000.27,0.00089,True
1741802178937,82000.02,0.00022,True
1741802178937,82000.01,7e-05,True
1741802178937,82000.01,0.0001,True
1741802178937,82000.01,0.0001,True
1741802178937,82000.0,0.00037,True
1741802178937,82000.0,0.005,True
1741802178937,82000.0,0.00019,True
1741802178937,82000.0,0.0001,True
1741802178937,82000.0,0.0001,True
1741802178937,82000.0,0.0002,True
1741802178937,82000.0,0.0016,True
1741802178937,82000.0,0.13791,True
1741802178937,82000.0,0.00393,True
1741802178937,82000.0,0.01046,True
1741802178937,82000.0,0.01225,True
1741802178937,82000.0,0.01231,True
1741802178937,82000.0,0.00608,True
1741802178937,82000.0,0.06068,True
1741802178937,82000.0,0.03395,True
1741802178937,82000.0,8e-05,True
1741802178937,82000.0,0.00121,True
1741802178937,82000.0,0.00029,True
1741802178937,82000.0,8e-05,True
1741802178937,82000.0,7e-05,True
1741802178937,82000.0,8e-05,True
1741802178937,82000.0,0.00107,True
1741802178937,82000.0,0.00032,True
1741802178937,82000.0,0.00012,True
1741802178937,82000.0,0.00096,True
1741802178937,82000.0,0.00017,True
1741802178937,82000.0,0.00142,True
1741802178937,82000.0,0.00121,True
1741802178937,82000.0,0.0001,True
1741802178937,82000.0,0.00016,True
1741802178937,82000.0,7e-05,True
1741802178937,82000.0,0.00031,True
1741802178937,82000.0,0.00014,True
1741802178937,82000.0,0.01029,True
1741802178937,82000.0,0.00011,True
1741802178937,82000.0,0.0029,True
1741802178937,82000.0,7e-05,True
1741802178937,82000.0,7e-05,True
1741802178937,82000.0,0.0104,True
1741802178937,82000.0,0.0001,True
1741802178937,82000.0,0.00017,True
1741802178937,82000.0,0.00217,True
1741802178937,82000.0,0.00019,True
1741802178937,82000.0,0.00019,True
1741802178937,82000.0,0.00066,True
1741802178937,82000.0,8e-05,True
1741802178937,82000.0,0.00074,True
1741802178937,82000.0,0.00013,True
1741802178937,82000.0,0.0001,True
1741802178937,82000.0,7e-05,True
1741802178937,82000.0,0.00038,True
1741802178937,82000.0,0.00035,True
1741802178937,82000.0,0.00018,True
1741802178937,82000.0,0.00114,True
1741802178937,82000.0,7e-05,True
1741802178937,82000.0,0.00011,True
1741802178937,82000.0,0.0012,True
1741802178937,82000.0,0.00036,True
1741802178937,82000.0,0.00058,True
1741802178937,82000.0,0.00097,True
1741802178937,82000.0,0.00057,True
1741802178937,82000.0,7e-05,True
1741802178937,82000.0,0.00023,True
1741802178937,82000.0,8e-05,True
1741802178937,82000.0,0.00014,True
1741802178937,82000.0,0.00743,True
1741802178937,82000.0,8e-05,True
1741802178937,82000.0,0.00353,True
1741802178937,82000.0,0.0005,True
1741802178937,82000.0,8e-05,True
1741802178937,82000.0,0.00012,True
1741802178937,82000.0,0.0001,True
1741802178937,82000.0,0.00224,True
1741802178937,82000.0,0.0001,True
1741802178937,82000.0,7e-05,True
1741802178937,82000.0,0.0003,True
1741802178937,82000.0,0.00075,True
1741802178937,82000.0,7e-05,True
1741802178937,82000.0,8e-05,True
1741802178937,82000.0,0.00175,True
1741802178937,82000.0,0.00181,True
1741802178937,82000.0,0.00014,True
1741802178937,82000.0,8e-05,True
1741802178937,82000.0,0.00011,True
1741802178937,82000.0,0.0007,True
1741802178937,82000.0,7e-05,True
1741802178937,82000.0,0.00027,True
1741802178937,82000.0,0.00012,True
1741802178937,82000.0,0.0003,True
1741802178937,82000.0,0.00038,True
1741802178937,82000.0,0.00062,True
1741802178937,82000.0,0.00013,True
1741802178937,82000.0,0.00033,True
1741802178937,82000.0,9e-05,True
1741802178937,82000.0,0.0001,True
1741802178937,82000.0,0.00024,True
1741802178937,82000.0,0.00052,True
1741802178937,82000.0,0.00031,True
1741802178937,82000.0,9e-05,True
1741802178937,82000.0,0.00014,True
1741802178937,82000.0,0.00021,True
1741802178937,82000.0,0.0001,True
1741802178937,82000.0,7e-05,True
1741802178937,82000.0,0.00014,True
1741802178937,82000.0,0.05,True
1741802178937,82000.0,0.00068,True
1741802178937,82000.0,0.00061,True
1741802178937,82000.0,7e-05,True
1741802178937,82000.0,0.1037,True
1741802178937,82000.0,8e-05,True
1741802178937,82000.0,0.00018,True
1741802178937,82000.0,0.00025,True
1741802178937,82000.0,0.00028,True
1741802178937,82000.0,0.00056,True
1741802178937,82000.0,0.00028,True
1741802178937,82000.0,0.00025,True
1741802178937,82000.0,0.00011,True
1741802178937,82000.0,0.00024,True
1741802178937,82000.0,0.00113,True
1741802178937,82000.0,0.00031,True
1741802178937,82000.0,0.0001,True
1741802178937,82000.0,0.00033,True
1741802178937,82000.0,7e-05,True
1741802178937,82000.0,0.00022,True
1741802178937,82000.0,0.00015,True
1741802178937,82000.0,0.00031,True
1741802178937,82000.0,8e-05,True
1741802178937,82000.0,0.00013,True
1741802178937,82000.0,0.00074,True
1741802178937,82000.0,0.0001,True
1741802178937,82000.0,9e-05,True
1741802178937,82000.0,9e-05,True
1741802178937,82000.0,0.00011,True
1741802178937,82000.0,0.00018,True
1741802178937,82000.0,7e-05,True
1741802178937,82000.0,0.00059,True
1741802178937,82000.0,0.0002,True
1741802178937,82000.0,9e-05,True
1741802178937,82000.0,0.00011,True
1741802178937,82000.0,0.00113,True
1741802178937,82000.0,0.00052,True
1741802178937,82000.0,0.00034,True
1741802178937,82000.0,0.00132,True
1741802178937,82000.0,0.00151,True
1741802178937,82000.0,0.00162,True
1741802178937,82000.0,0.00025,True
1741802178937,82000.0,0.0009,True
1741802178937,82000.0,0.0003,True
1741802178937,82000.0,8e-05,True
1741802178937,82000.0,7e-05,True
1741802178937,82000.0,8e-05,True
1741802178937,82000.0,9e-05,True
1741802178937,82000.0,7e-05,True
1741802178937,82000.0,0.0001,True
1741802178937,82000.0,0.00024,True
1741802178937,82000.0,7e-05,True
1741802178937,82000.0,7e-05,True
1741802178937,82000.0,0.00052,True
1741802178937,82000.0,0.00132,True
1741802178937,82000.0,8e-05,True
1741802178937,82000.0,7e-05,True
1741802178937,82000.0,7e-05,True
1741802178937,82000.0,0.0013,True
1741802178937,82000.0,0.0001,True
1741802178937,82000.0,0.00077,True
1741802178937,82000.0,0.00026,True
1741802178937,82000.0,9e-05,True
1741802178937,82000.0,0.00034,True
1741802178937,82000.0,0.00244,True
1741802178937,82000.0,0.00036,True
1741802178937,82000.0,0.00052,True
1741802178937,82000.0,0.00027,True
1741802178937,82000.0,0.00028,True
1741802178937,82000.0,0.0008,True
1741802178937,82000.0,0.00079,True
1741802178937,82000.0,0.00113,True
1741802178937,82000.0,0.00057,True
1741802178937,82000.0,0.00027,True
1741802178937,82000.0,0.00015,True
1741802178937,82000.0,7e-05,True
1741802178937,82000.0,7e-05,True
1741802178937,82000.0,9e-05,True
1741802178937,82000.0,0.00417,True
1741802178937,82000.0,0.00779,True
1741802178937,82000.0,0.00058,True
1741802178937,82000.0,0.0013,True
1741802178937,82000.0,0.00036,True
1741802178937,82000.0,0.00281,True
1741802178937,82000.0,0.00552,True
1741802178937,82000.0,8e-05,True
1741802178937,82000.0,0.0065,True
1741802178937,82000.0,0.00019,True
1741802178937,82000.0,8e-05,True
1741802178937,82000.0,0.00387,True
1741802178937,82000.0,0.00021,True
1741802178937,82000.0,0.00028,True
1741802178937,82000.0,0.0001,True
1741802178937,82000.0,0.00012,True
1741802178937,82000.0,0.00014,True
1741802178937,82000.0,0.01805,True
1741802178937,82000.0,0.00019,True
1741802178937,82000.0,7e-05,True
1741802178937,82000.0,0.0001,True
1741802178937,82000.0,7e-05,True
1741802178937,82000.0,0.00047,True
1741802178937,82000.0,0.00015,True
1741802178937,82000.0,7e-05,True
1741802178937,82000.0,0.1,True
1741802178937,82000.0,0.00021,True
1741802178937,82000.0,7e-05,True
1741802178937,82000.0,0.0001,True
1741802178937,82000.0,0.0005,True
1741802178937,82000.0,0.00122,True
1741802178937,82000.0,0.005,True
1741802178937,82000.0,7e-05,True
1741802178937,82000.0,0.00365,True
1741802178937,82000.0,0.00021,True
1741802178937,82000.0,0.00557,True
1741802178937,82000.0,0.00111,True
1741802178937,82000.0,8e-05,True
1741802178937,82000.0,0.00017,True
1741802178937,82000.0,0.00016,True
1741802178937,82000.0,0.00073,True
1741802178937,82000.0,0.00014,True
1741802178937,82000.0,0.0001,True
1741802178937,82000.0,7e-05,True
1741802178937,82000.0,0.00046,True
1741802178937,82000.0,0.0009,True
1741802178937,82000.0,8e-05,True
1741802178937,82000.0,0.00021,True
1741802178937,82000.0,0.00026,True
1741802178937,82000.0,0.00012,True
1741802178937,82000.0,0.00022,True
1741802178937,82000.0,0.00066,True
1741802178937,82000.0,7e-05,True
1741802178937,82000.0,0.00016,True
1741802178937,82000.0,0.00039,True
1741802178937,82000.0,7e-05,True
1741802178937,82000.0,7e-05,True
1741802178937,82000.0,7e-05,True
1741802178937,82000.0,0.00025,True
1741802178937,82000.0,0.00156,True
1741802178937,82000.0,0.00013,True
1741802178937,82000.0,0.00038,True
1741802178937,82000.0,0.00044,True
1741802178937,82000.0,0.00353,True
1741802178937,82000.0,0.00054,True
1741802178937,82000.0,7e-05,True
1741802178937,82000.0,0.00026,True
1741802178937,82000.0,0.00081,True
1741802178937,82000.0,9e-05,True
1741802178937,82000.0,0.00011,True
1741802178937,82000.0,0.0096,True
1741802178937,82000.0,0.0001,True
1741802178937,82000.0,0.00016,True
1741802178937,82000.0,0.00084,True
1741802178937,82000.0,0.00036,True
1741802178937,82000.0,0.01219,True
1741802178937,82000.0,0.00488,True
1741802178937,82000.0,0.00031,True
1741802178937,82000.0,0.01085,True
1741802178937,82000.0,7e-05,True
1741802178937,82000.0,0.0121,True
1741802178937,82000.0,7e-05,True
1741802178937,82000.0,8e-05,True
1741802178937,82000.0,0.00037,True
1741802178937,82000.0,0.00017,True
1741802178937,82000.0,0.00182,True
1741802178937,82000.0,0.00246,True
1741802178937,82000.0,0.00017,True
1741802178937,82000.0,7e-05,True
1741802178937,82000.0,0.00082,True
1741802178937,82000.0,0.00014,True
1741802178937,82000.0,0.00244,True
1741802178937,82000.0,8e-05,True
1741802178937,82000.0,0.0001,True
1741802178937,82000.0,7e-05,True
1741802178937,82000.0,0.00242,True
1741802178937,82000.0,9e-05,True
1741802178937,82000.0,0.00012,True
1741802178937,82000.0,7e-05,True
1741802178937,82000.0,7e-05,True
1741802178937,82000.0,0.00121,True
1741802178937,82000.0,0.0006,True
1741802178937,82000.0,0.00024,True
1741802178937,82000.0,0.00207,True
1741802178937,82000.0,0.01829,True
1741802178937,82000.0,0.01231,True
1741802178937,82000.0,0.00121,True
1741802178937,82000.0,0.001,True
1741802178937,82000.0,7e-05,True
1741802178937,82000.0,0.02439,True
1741802178937,82000.0,0.0015,True
1741802178937,82000.0,0.00063,True
1741802178937,82000.0,0.03346,True
1741802178937,82000.0,0.0001,True
1741802178937,82000.0,0.0062,True
1741802178937,82000.0,0.00243,True
1741802178937,82000.0,0.00024,True
1741802178937,82000.0,0.0006,True
1741802178937,82000.0,0.0001,True
1741802178937,82000.0,0.0001,True
1741802178937,82000.0,0.00121,True
1741802178937,82000.0,0.00015,True
1741802178937,82000.0,0.002,True
1741802178937,82000.0,0.00098,True
1741802178937,82000.0,0.0001,True
1741802178937,82000.0,0.00012,True
1741802178937,82000.0,7e-05,True
1741802178937,81999.98,0.0001,True
1741802178937,81999.97,0.00014,True
1741802178937,81999.0,9e-05,True
1741802178937,81998.72,0.00017,True
1741802178937,81998.72,0.00017,True
1741802178937,81998.66,0.0002,True
1741802178937,81998.66,0.00018,True
1741802178937,81998.3,0.003,True
1741802178937,81997.94,8e-05,True
1741802178937,81997.6,8e-05,True
1741802178937,81997.6,9e-05,True
1741802178937,81997.6,0.00844,True
1741802178937,81997.6,0.00559,True
1741802178937,81997.44,8e-05,True
1741802178937,81997.32,0.00141,True
1741802178937,81996.91,0.00013,True
1741802178937,81996.74,0.00013,True
1741802178937,81996.62,0.00034,True
1741802178937,81996.47,9e-05,True
1741802178937,81996.11,0.00012,True
1741802178937,81996.01,0.00037,True
1741802178937,81996.0,0.00015,True
1741802178937,81996.0,0.002,True
1741802178937,81996.0,0.0001,True
1741802178937,81996.0,0.0001,True
1741802178937,81995.74,0.00036,True
1741802178937,81995.7,7e-05,True
1741802178937,81995.17,0.00062,True
1741802178937,81994.7,0.00014,True
1741802178937,81994.49,0.00022,True
1741802178937,81994.48,0.003,True
1741802178937,81994.32,0.00058,True
1741802178937,81994.14,0.0001,True
1741802178937,81994.14,7e-05,True
1741802178937,81994.14,0.00014,True
1741802178937,81994.0,8e-05,True
1741802178937,81993.71,8e-05,True
1741802178937,81993.7,0.006,True
1741802178937,81993.54,0.00024,True
1741802178937,81993.11,7e-05,True
1741802178937,81993.05,0.00011,True
1741802178937,81992.96,8e-05,True
1741802178937,81992.82,0.0003,True
1741802178937,81992.75,0.00013,True
1741802178937,81992.74,0.80635,True
1741802178937,81992.59,0.00013,True
1741802178937,81992.52,0.0001,True
1741802178937,81992.18,0.0001,True
1741802178937,81992.0,0.00015,True
1741802178937,81992.0,0.002,True
1741802178937,81992.0,0.0001,True
1741802178937,81992.0,0.0001,True
1741802178937,81991.91,0.0001,True
1741802178937,81991.55,7e-05,True
1741802178937,81991.03,7e-05,True
1741802178937,81990.47,7e-05,True
1741802178937,81990.39,0.00035,True
1741802178937,81990.24,0.00037,True
1741802178937,81989.76,7e-05,True
1741802178937,81989.6,0.00028,True
1741802178937,81989.6,0.00013,True
1741802178937,81989.51,0.00012,True
1741802178937,81989.12,0.27807,True
1741802178937,81988.94,0.00084,True
1741802178937,81988.93,0.00013,True
1741802178937,81988.88,0.45,True
1741802178937,81988.65,0.00013,True
1741802178937,81988.64,0.0413,True
1741802178937,81988.47,0.00319,True
1741802178937,81988.39,0.1169,True
1741802178937,81988.31,8e-05,True
1741802178937,81988.0,0.00015,True
1741802178937,81988.0,0.002,True
1741802178937,81988.0,0.0001,True
1741802178937,81988.0,0.0001,True
1741802178937,81987.96,0.0005,True
1741802178937,81987.91,0.0001,True
1741802178937,81987.65,0.0001,True
1741802178937,81987.4,7e-05,True
1741802178937,81987.25,9e-05,True
1741802178937,81986.85,0.0006,True
1741802178937,81986.62,0.00506,True
1741802178937,81986.51,0.00101,True
1741802178937,81986.25,0.003,True
1741802178937,81985.77,7e-05,True
1741802178937,81985.77,0.0003,True
1741802178937,81985.71,0.00122,True
1741802178937,81985.71,0.0001,True
1741802178937,81985.62,9e-05,True
1741802178937,81985.29,0.00153,True
1741802178937,81985.28,0.00121,True
1741802178937,81985.12,0.00011,True
1741802178937,81984.62,0.04103,True
1741802178937,81984.62,0.03872,True
1741802178937,82000.0,9e-05,False
1741802178937,81984.62,0.22906,True
1741802178937,81984.62,0.00177,True
1741802178937,81995.0,0.05,False
1741802179292,81986.63,0.00025,False
1741802179508,81986.62,0.00014,True
1741802179508,81986.62,0.00014,True
1741802179508,81986.62,3e-05,True
1741802179641,81986.63,0.00351,False
1741802179656,81986.62,0.00058,True
1741802179656,81986.62,7e-05,True
1741802179656,81986.61,0.00013,True
1741802179656,81986.61,0.00014,True
1741802179656,81986.61,0.00014,True
1741802179656,81986.61,7e-05,True
1741802179656,81986.59,0.00053,True
1741802179656,81986.59,7e-05,True
1741802179656,81986.58,7e-05,True
1741802179673,81986.52,0.00055,True
1741802179673,81986.52,0.0001,True
1741802179673,81986.52,7e-05,True
1741802179673,81986.51,0.00082,True
1741802179673,81986.51,7e-05,True
1741802179673,81986.51,0.00013,True
1741802179673,81986.49,0.00054,True
1741802179673,81986.49,7e-05,True
1741802179673,81986.46,0.00106,True
1741802179673,81986.46,0.00102,True
1741802179673,81986.46,0.00104,True
1741802179673,81986.46,0.00058,True
1741802179673,81986.46,7e-05,True
1741802179673,81986.45,0.00106,True
1741802179673,81986.45,7e-05,True
1741802179673,81986.44,0.00073,True
1741802179673,81986.44,0.00073,True
1741802179673,81986.44,0.00073,True
1741802179673,81986.44,7e-05,True
1741802179673,81986.44,0.00133,True
1741802179673,81986.44,7e-05,True
1741802179673,81986.43,7e-05,True
1741802179677,81986.01,0.00065,True
1741802179677,81986.01,7e-05,True
1741802179677,81986.01,0.0001,True
1741802179677,81985.98,0.00053,True
1741802179677,81985.7,7e-05,True
1741802179679,81984.93,0.0001,True
1741802179679,81984.93,7e-05,True
1741802179679,81984.93,0.0001,True
1741802179679,81984.62,9e-05,True
1741802179679,81984.62,9e-05,True
1741802179679,81984.62,9e-05,True
1741802179679,81984.61,7e-05,True
1741802179679,81984.61,9e-05,True
1741802179679,81984.61,7e-05,True
1741802179679,81984.51,0.00047,True
1741802179679,81984.51,0.00047,True
1741802179679,81984.51,0.00047,True
1741802179679,81984.51,7e-05,True
1741802179679,81984.19,0.00144,True
1741802179679,81984.19,7e-05,True
1741802179679,81984.03,0.0003,True
1741802179679,81984.03,7e-05,True
1741802179679,81984.0,0.00015,True
1741802179679,81984.0,0.002,True
1741802179679,81984.0,0.0001,True
1741802179679,81984.0,0.0001,True
1741802179679,81984.0,7e-05,True
1741802179679,81983.73,7e-05,True
1741802179679,81983.47,0.00011,True
1741802179679,81983.47,8e-05,True
1741802179679,81983.38,7e-05,True
1741802179679,81983.38,7e-05,True
1741802179679,81983.37,0.01563,True
1741802179679,81983.33,0.00076,True
1741802179679,81983.33,0.00132,True
1741802179679,81983.33,0.0001,True
1741802179681,81982.73,7e-05,True
1741802179681,81982.25,7e-05,True
1741802179696,81982.73,0.0001,True
1741802179696,81982.73,7e-05,True
1741802179696,81982.73,7e-05,True
1741802179696,81982.73,0.00052,True
1741802179712,81982.42,0.00021,True
1741802179712,81982.42,0.00051,True
1741802179712,81982.42,0.0001,True
1741802179712,81982.41,7e-05,True
1741802179712,81982.39,0.00058,True
1741802179712,81982.39,7e-05,True
1741802179712,81982.25,7e-05,True
1741802179712,81982.14,9e-05,True
1741802179712,81982.14,7e-05,True
1741802179712,81982.02,0.00013,True
1741802179712,81982.02,0.00013,True
1741802179712,81982.02,0.00013,True
1741802179712,81982.02,7e-05,True
1741802179712,81982.01,0.0003,True
1741802179712,81982.01,7e-05,True
1741802179712,81982.01,7e-05,True
1741802179712,81982.01,7e-05,True
1741802179712,81982.01,7e-05,True
1741802179712,81982.0,0.02439,True
1741802179712,81982.0,7e-05,True
1741802179712,81981.9,0.00011,True
1741802179712,81981.82,0.00018,True
1741802179712,81981.58,7e-05,True
1741802179712,81981.19,0.00162,True
1741802179712,81980.97,0.00013,True
1741802179712,81980.88,7e-05,True
1741802179712,81980.88,7e-05,True
1741802179712,81980.77,0.00019,True
1741802179712,81980.0,0.0001,True
1741802179712,81980.0,0.00015,True
1741802179712,81980.0,0.002,True
1741802179712,81980.0,0.0001,True
1741802179712,81980.0,0.0001,True
1741802179712,81979.64,0.00023,True
1741802179712,81979.6,7e-05,True
1741802179712,81979.17,0.00015,True
1741802179712,81978.46,0.00022,True
1741802179712,81978.45,7e-05,True
1741802179712,81978.42,0.00261,True
1741802179853,81978.43,0.1229,False
1741802179853,81978.43,0.1151,False
1741802180053,81978.42,0.00039,True
1741802180053,81978.42,0.00056,True
1741802180053,81978.42,7e-05,True
1741802180053,81978.42,0.00013,True
1741802180053,81978.42,0.00146,True
1741802180053,81978.42,0.00739,True
1741802180093,81978.43,0.00121,False
1741802180120,81978.42,0.00029,True
1741802180176,81978.42,0.0121,True
1741802180176,81978.42,0.07883,True
1741802180214,81978.43,7e-05,False
1741802180434,81978.43,0.00076,False
1741802180515,81978.42,0.00014,True
1741802180515,81978.42,0.00576,True
1741802180515,81978.42,7e-05,True
1741802180515,81978.42,0.00069,True
1741802180515,81978.42,0.0001,True
1741802180515,81978.42,0.00068,True
1741802180515,81978.41,0.0002,True
1741802180515,81978.41,0.00014,True
1741802180515,81978.41,0.00013,True
1741802180515,81978.41,0.00014,True
1741802180515,81978.41,7e-05,True
1741802180515,81978.39,7e-05,True
1741802180515,81978.39,0.00055,True
1741802180515,81978.38,7e-05,True
1741802180515,81978.36,0.00012,True
1741802180515,81978.36,7e-05,True
1741802180515,81978.29,7e-05,True
1741802180515,81978.29,7e-05,True
1741802180515,81978.14,0.00019,True
1741802180515,81978.14,0.00019,True
1741802180515,81978.14,7e-05,True
1741802180515,81978.14,0.00019,True
1741802180515,81978.13,7e-05,True
1741802180515,81978.03,0.00016,True
1741802180515,81978.02,9e-05,True
1741802180515,81978.02,0.00021,True
1741802180515,81978.0,0.00123,True
1741802180515,81977.77,7e-05,True
1741802180515,81977.67,0.00015,True
1741802180515,81977.47,7e-05,True
1741802180515,81977.45,7e-05,True
1741802180515,81977.33,7e-05,True
1741802180537,81977.33,0.0002,False
1741802180835,81977.33,0.00122,False
1741802180887,81977.33,0.001,False
1741802180924,81977.33,0.00013,False
1741802180968,81977.33,0.00062,False
1741802181291,81977.33,0.00293,False
1741802181363,81977.32,0.00764,True
1741802181363,81977.32,0.03494,True
1741802181445,81977.33,0.00012,False
1741802181515,81977.32,0.00014,True
1741802181515,81977.32,7e-05,True
1741802181515,81977.32,0.0001,True
1741802181515,81977.32,0.0001,True
1741802181515,81977.31,0.00014,True
1741802181515,81977.31,0.00013,True
1741802181515,81977.31,0.00013,True
1741802181515,81977.31,7e-05,True
1741802181515,81977.3,0.00055,True
1741802181515,81977.3,7e-05,True
1741802181515,81977.11,0.0001,True
1741802181515,81977.11,7e-05,True
1741802181515,81976.96,0.00066,True
1741802181515,81976.96,7e-05,True
1741802181515,81976.86,7e-05,True
1741802181515,81976.86,7e-05,True
1741802181515,81976.85,0.00464,True
1741802181515,81976.85,7e-05,True
1741802181515,81976.7,7e-05,True
1741802181515,81976.7,7e-05,True
1741802181515,81976.7,7e-05,True
1741802181515,81976.7,7e-05,True
1741802181515,81976.7,7e-05,True
1741802181747,81976.69,0.10001,True
1741802182070,81976.69,0.0001,True
1741802182070,81976.69,7e-05,True
1741802182070,81976.69,0.00013,True
1741802182070,81976.69,0.0001,True
1741802182070,81976.69,0.00084,True
1741802182070,81976.69,0.0169,True
1741802182070,81976.68,8e-05,True
1741802182070,81976.68,7e-05,True
1741802182070,81976.68,0.00013,True
1741802182070,81976.68,0.00013,True
1741802182070,81976.68,0.00014,True
1741802182070,81976.67,7e-05,True
1741802182070,81976.67,0.00051,True
1741802182070,81976.39,9e-05,True
1741802182070,81976.39,7e-05,True
1741802182070,81976.21,9e-05,True
1741802182070,81976.21,7e-05,True
1741802182070,81976.0,0.00015,True
1741802182070,81976.0,0.002,True
1741802182070,81976.0,0.0001,True
1741802182070,81976.0,0.0001,True
1741802182070,81976.0,7e-05,True
1741802182070,81975.82,7e-05,True
1741802182070,81975.82,7e-05,True
1741802182070,81975.79,7e-05,True
1741802182070,81975.6,0.00014,True
1741802182070,81975.02,9e-05,True
1741802182070,81975.02,9e-05,True
1741802182070,81975.01,0.00016,True
1741802182070,81975.0,0.00052,True
1741802182070,81974.75,0.00015,True
1741802182109,81974.56,7e-05,True
1741802182109,81974.56,0.00018,True
1741802182109,81974.56,7e-05,True
1741802182109,81974.56,0.00015,True
1741802182109,81974.56,0.00011,True
1741802182109,81974.56,0.00014,True
1741802182109,81974.56,0.0001,True
1741802182111,81974.55,0.00014,True
1741802182111,81974.55,0.0001,True
1741802182111,81974.54,0.00057,True
1741802182111,81974.18,0.00013,True
1741802182111,81974.05,0.00014,True
1741802182111,81974.01,0.00026,True
1741802182112,81973.7,0.00037,True
1741802182112,81973.7,0.00056,True
1741802182112,81973.7,0.00011,True
1741802182112,81973.7,0.00032,True
1741802182112,81973.7,0.0001,True
1741802182112,81973.43,7e-05,True
1741802182112,81973.3,0.00025,True
1741802182113,81973.24,7e-05,True
1741802182113,81973.23,0.006,True
1741802182113,81973.21,3e-05,True
1741802182113,81973.21,6e-05,True
1741802182113,81972.54,0.00014,True
1741802182113,81972.46,0.00034,True
1741802182113,81972.41,7e-05,True
1741802182113,81972.41,7e-05,True
1741802182113,81972.41,0.00027,True
1741802182113,81972.28,9e-05,True
1741802182113,81972.07,9e-05,True
1741802182113,81972.02,0.00015,True
1741802182113,81972.02,0.00015,True
1741802182113,81972.0,0.00015,True
1741802182113,81972.0,0.002,True
1741802182113,81972.0,0.0001,True
1741802182113,81972.0,0.0001,True
1741802182114,81971.23,0.00067,True
1741802182114,81971.22,0.00053,True
1741802182114,81970.91,0.00024,True
1741802182114,81970.91,0.00022,True
1741802182114,81970.89,0.00304,True
1741802182119,81970.8,7e-05,True
1741802182122,81970.58,9e-05,True
1741802182122,81970.23,0.00025,True
1741802182122,81970.22,0.003,True
1741802182122,81970.11,9e-05,True
1741802182122,81970.09,0.00228,True
1741802182122,81970.09,0.00013,True
1741802182122,81970.07,8e-05,True
1741802182122,81970.03,0.00201,True
1741802182122,81969.69,0.00173,True
1741802182122,81969.69,9e-05,True
1741802182122,81969.69,0.00021,True
1741802182122,81969.41,0.00037,True
1741802182122,81968.96,7e-05,True
1741802182122,81968.95,0.03049,True
1741802182122,81968.75,7e-05,True
1741802182122,81968.73,7e-05,True
1741802182128,81968.65,0.00049,True
1741802182133,81968.08,0.00078,True
1741802182133,81968.01,7e-05,True
1741802182133,81968.01,0.00079,True
1741802182133,81968.01,0.0002,True
1741802182133,81968.01,0.00013,True
1741802182133,81968.0,0.0001,True
1741802182133,81968.0,0.00015,True
1741802182133,81968.0,0.002,True
1741802182133,81968.0,0.0001,True
1741802182133,81968.0,0.0001,True
1741802182133,81967.97,0.00142,True
1741802182133,81967.78,7e-05,True
1741802182133,81967.77,0.00439,True
1741802182133,81967.77,0.00095,True
1741802182136,81966.66,0.00033,True
1741802182136,81966.66,0.0002,True
1741802182137,81966.66,0.00194,True
1741802182137,81966.66,0.00052,True
1741802182137,81966.65,7e-05,True
1741802182137,81966.16,7e-05,True
1741802182137,81966.16,0.00023,True
1741802182137,81966.15,0.0024,True
1741802182137,81966.15,9e-05,True
1741802182137,81966.15,0.02193,True
1741802182137,81966.15,0.02541,True
1741802182137,81966.15,0.19339,True
1741802182137,81966.15,7e-05,True
1741802182137,81966.15,0.00023,True
1741802182137,81966.15,9e-05,True
1741802182137,81966.15,0.00011,True
1741802182137,81966.13,0.00023,True
1741802182137,81966.13,0.00011,True
1741802182137,81966.13,0.00013,True
1741802182137,81966.13,0.00011,True
1741802182137,81966.13,9e-05,True
1741802182137,81966.13,0.00011,True
1741802182137,81966.13,0.00011,True
1741802182137,81966.13,9e-05,True
1741802182137,81966.13,0.0001,True
1741802182137,81966.13,0.00011,True
1741802182137,81966.13,0.00023,True
1741802182137,81966.13,0.00011,True
1741802182137,81966.13,0.00012,True
1741802182137,81966.13,0.00035,True
1741802182137,81966.13,0.00019,True
1741802182137,81966.13,0.00023,True
1741802182137,81966.13,9e-05,True
1741802182137,81966.13,0.00011,True
1741802182137,81966.13,0.00011,True
1741802182137,81966.13,0.00024,True
1741802182137,81966.13,9e-05,True
1741802182137,81966.13,0.00023,True
1741802182137,81966.13,0.00011,True
1741802182137,81966.13,0.0001,True
1741802182137,81966.13,0.00011,True
1741802182137,81966.13,9e-05,True
1741802182137,81966.13,9e-05,True
1741802182137,81966.13,0.00038,True
1741802182137,81966.13,0.00174,True
1741802182137,81966.13,0.00011,True
1741802182137,81966.13,9e-05,True
1741802182137,81966.13,9e-05,True
1741802182137,81966.13,0.0006,True
1741802182137,81966.13,0.00019,True
1741802182137,81966.13,0.0001,True
1741802182137,81966.13,0.00048,True
1741802182137,81966.13,0.00023,True
1741802182137,81966.13,0.00013,True
1741802182137,81966.13,0.00011,True
1741802182137,81966.13,0.00059,True
1741802182137,81966.13,0.00854,True
1741802182137,81966.13,0.01553,True
1741802182137,81966.13,0.00476,True
1741802182137,81966.13,0.00023,True
1741802182137,81965.79,0.00161,True
1741802182137,81964.95,0.00028,True
1741802182137,81964.94,0.00053,True
1741802182137,81964.65,0.00098,True
1741802182137,81964.28,0.00423,True
1741802182137,81964.21,9e-05,True
1741802182137,81964.17,0.0002,True
1741802182137,81964.0,0.00017,True
1741802182137,81964.0,0.00015,True
1741802182137,81964.0,0.002,True
1741802182137,81964.0,0.0001,True
1741802182137,81964.0,0.0001,True
1741802182137,81963.97,0.0002,True
1741802182137,81963.7,7e-05,True
1741802182137,81963.68,0.0029,True
1741802182137,81963.32,9e-05,True
1741802182137,81963.15,0.00366,True
1741802182138,81963.1,0.0003,True
1741802182138,81962.76,0.00121,True
1741802182138,81962.5,7e-05,True
1741802182138,81962.41,0.00037,True
1741802182138,81962.41,0.00011,True
1741802182138,81962.37,9e-05,True
1741802182138,81962.21,0.00012,True
1741802182138,81962.02,0.003,True
1741802182138,81962.01,0.00038,True
1741802182138,81962.0,0.0244,True
1741802182138,81961.65,0.00201,True
1741802182139,81961.55,0.00215,True
1741802182139,81961.49,0.02411,True
1741802182142,81961.39,0.00083,True
1741802182153,81960.79,7e-05,True
1741802182166,81960.8,0.00014,False
1741802182182,81960.79,0.00051,True
1741802182182,81960.78,0.00052,True
1741802182182,81960.78,0.00014,True
1741802182182,81960.78,0.00069,True
1741802182182,81960.78,0.00014,True
1741802182182,81960.66,7e-05,True
1741802182182,81960.66,0.00015,True
1741802182182,81960.66,0.00071,True
1741802182182,81960.66,0.00032,True
1741802182182,81960.66,0.00036,True
1741802182182,81960.66,0.00066,True
1741802182182,81960.66,0.00036,True
1741802182182,81960.65,0.0072,True
1741802182182,81960.64,0.0008,True
1741802182182,81960.58,0.00013,True
1741802182182,81960.11,7e-05,True
1741802182182,81960.0,0.00022,True
1741802182182,81960.0,0.00011,True
1741802182182,81960.0,0.00015,True
1741802182182,81960.0,0.002,True
1741802182182,81960.0,0.0001,True
1741802182182,81960.0,0.0001,True
1741802182182,81959.92,0.00022,True
1741802182185,81959.45,8e-05,True
1741802182185,81959.36,7e-05,True
1741802182185,81959.09,0.00011,True
1741802182187,81959.0,0.00017,True
1741802182187,81958.95,0.00016,True
1741802182187,81958.87,7e-05,True
1741802182283,81958.77,0.00015,False
1741802182293,81958.76,7e-05,True
1741802182293,81958.76,0.00056,True
1741802182294,81958.75,0.00054,True
1741802182294,81958.75,0.0001,True
1741802182294,81958.75,0.00013,True
1741802182294,81958.4,0.00019,True
1741802182294,81958.36,8e-05,True
1741802182294,81958.36,0.00012,True
1741802182294,81958.36,0.00012,True
1741802182294,81958.36,0.00012,True
1741802182294,81958.34,0.00018,True
1741802182296,81958.14,0.00015,True
1741802182296,81958.14,0.00013,True
1741802182296,81957.86,0.00023,True
1741802182296,81957.3,7e-05,True
1741802182296,81957.14,0.00013,True
1741802182296,81956.13,9e-05,True
1741802182296,81956.01,0.00022,True
1741802182296,81956.0,0.00015,True
1741802182296,81956.0,0.002,True
1741802182296,81956.0,0.0001,True
1741802182296,81956.0,0.0001,True
1741802182296,81955.55,7e-05,True
1741802182296,81955.54,0.00019,True
1741802182296,81955.47,0.00028,True
1741802182296,81955.29,0.00013,True
1741802182296,81955.04,7e-05,True
1741802182296,81955.04,8e-05,True
1741802182296,81955.0,0.00241,True
1741802182296,81954.88,9e-05,True
1741802182296,81954.54,7e-05,True
1741802182296,81954.27,7e-05,True
1741802182296,81954.26,0.01043,True
1741802182296,81953.82,0.003,True
1741802182296,81953.26,0.00018,True
1741802182296,81953.26,0.00201,True
1741802182296,81953.14,0.00037,True
1741802182296,81952.79,0.00013,True
1741802182296,81952.79,7e-05,True
1741802182296,81952.79,0.00033,True
1741802182296,81952.75,0.00016,True
1741802182296,81952.66,0.0001,True
1741802182296,81952.01,0.00014,True
1741802182296,81952.0,0.00015,True
1741802182296,81952.0,0.002,True
1741802182296,81952.0,0.0001,True
1741802182296,81952.0,0.0001,True
1741802182301,81951.79,7e-05,True
1741802182301,81951.75,0.00024,True
1741802182301,81951.49,0.00045,True
1741802182301,81951.48,0.00022,True
1741802182301,81951.21,9e-05,True
1741802182301,81950.98,7e-05,True
1741802182301,81950.82,0.00024,True
1741802182301,81950.82,7e-05,True
1741802182301,81950.73,0.00152,True
1741802182301,81950.21,0.00121,True
1741802182301,81950.05,7e-05,True
1741802182301,81950.0,0.0001,True
1741802182301,81950.0,7e-05,True
1741802182301,81950.0,0.00021,True
1741802182301,81950.0,0.00097,True
1741802182301,81950.0,0.001,True
1741802182303,81951.78,0.00052,True
1741802182303,81951.78,0.01098,True
1741802182305,81951.78,0.00754,True
1741802182338,81951.77,0.00055,True
1741802182338,81951.77,0.00035,True
1741802182338,81951.77,0.006,True
1741802182338,81951.76,0.00058,True
1741802182338,81951.66,0.00049,True
1741802182338,81951.62,0.00059,True
1741802182338,81951.62,0.00022,True
1741802182338,81951.62,0.00034,True
1741802182338,81951.62,0.00021,True
1741802182338,81951.62,0.00034,True
1741802182338,81951.62,0.00034,True
1741802182338,81951.61,0.00049,True
1741802182338,81950.23,0.00041,False
1741802182381,81949.51,0.00012,True
1741802182381,81949.51,4e-05,True
1741802182394,81949.51,0.00016,True
1741802182395,81949.51,0.00034,True
1741802182395,81949.5,0.00056,True
1741802182395,81949.5,0.00011,True
1741802182395,81949.5,0.00013,True
1741802182395,81949.5,0.00014,True
1741802182395,81949.19,7e-05,True
1741802182395,81949.16,0.00012,True
1741802182395,81949.16,0.00012,True
1741802182395,81949.16,0.00012,True
1741802182395,81949.15,0.00114,True
1741802182395,81948.91,0.00354,True
1741802182395,81948.62,0.00122,True
1741802182396,81948.09,0.00016,True
1741802182400,81948.09,0.00016,True
1741802182402,81948.1,0.00014,False
1741802182402,81948.09,5e-05,True
1741802182402,81948.09,0.00011,True
1741802182406,81948.09,0.00016,True
1741802182410,81948.09,0.00016,True
1741802182415,81948.09,0.00013,True
1741802182415,81948.09,3e-05,True
1741802182418,81948.09,7e-05,True
1741802182418,81948.09,9e-05,True
1741802182424,81948.09,0.00016,True
1741802182574,81948.1,0.00057,False
1741802182706,81948.1,7e-05,False
1741802182706,81948.1,5e-05,False
1741802182764,81948.1,2e-05,False
1741802182764,81948.1,0.0001,False
1741802182764,81948.1,7e-05,False
1741802182764,81948.1,7e-05,False
1741802182764,81948.1,7e-05,False
1741802182764,81948.1,0.02363,False
1741802182765,81948.1,0.15505,False
1741802182765,81948.1,0.02132,False
1741802182765,81948.1,0.00302,False
1741802182765,81948.1,0.00101,False
1741802182765,81948.1,0.00014,False
1741802182765,81948.1,7e-05,False
1741802182765,81948.1,7e-05,False
1741802182765,81948.1,7e-05,False
1741802182765,81948.1,7e-05,False
1741802182765,81948.1,0.0001,False
1741802182765,81948.1,0.0001,False
1741802182765,81948.1,7e-05,False
1741802182765,81948.1,0.0001,False
1741802182765,81948.1,7e-05,False
1741802182765,81948.1,0.0001,False
1741802182765,81948.1,0.0001,False
1741802182765,81948.1,0.0001,False
1741802182765,81948.1,7e-05,False
1741802182765,81948.1,0.0001,False
1741802182765,81948.1,0.0001,False
1741802182765,81948.1,0.0001,False
1741802182765,81948.11,0.00014,False
1741802182765,81948.11,7e-05,False
1741802182765,81948.11,7e-05,False
1741802182765,81948.11,0.00013,False
1741802182765,81948.11,0.00014,False
1741802182765,81949.15,7e-05,False
1741802182765,81949.15,7e-05,False
1741802182765,81949.16,7e-05,False
1741802182765,81949.16,7e-05,False
1741802182765,81949.47,7e-05,False
1741802182765,81949.47,7e-05,False
1741802182765,81949.47,7e-05,False
1741802182765,81949.58,7e-05,False
1741802182765,81949.66,7e-05,False
1741802182765,81951.12,7e-05,False
1741802182765,81951.77,0.00012,False
1741802182765,81951.77,0.00012,False
1741802182765,81951.77,0.00012,False
1741802182765,81954.9,0.00013,False
1741802182829,81955.93,7e-05,False
1741802182829,81955.93,5e-05,False
1741802182868,81955.93,2e-05,False
1741802182868,81955.93,0.01217,False
1741802182961,81955.93,7e-05,False
1741802182961,81955.93,0.00054,False
1741802183042,81955.93,7e-05,False
1741802183042,81955.93,7e-05,False
1741802183042,81955.93,0.00047,False
1741802183069,81955.92,0.0014,True
1741802183073,81955.92,0.02885,True
1741802183073,81955.92,0.07116,True
1741802183378,81955.93,0.0338,False
1741802183378,81955.93,0.01364,False
1741802183378,81955.93,7e-05,False
1741802183378,81955.93,0.00038,False
1741802183378,81955.93,0.00014,False
1741802183378,81955.93,7e-05,False
1741802183378,81955.93,7e-05,False
1741802183378,81955.93,7e-05,False
1741802183378,81955.93,7e-05,False
1741802183378,81955.93,7e-05,False
1741802183378,81955.93,0.0001,False
1741802183378,81955.93,0.0001,False
1741802183378,81955.93,0.0001,False
1741802183378,81955.94,0.00031,False
1741802183378,81955.94,0.00014,False
1741802183378,81955.94,0.00014,False
1741802183378,81955.94,0.00014,False
1741802183378,81955.94,7e-05,False
1741802183378,81955.94,7e-05,False
1741802183378,81955.94,0.0001,False
1741802183378,81955.98,7e-05,False
1741802183378,81955.98,7e-05,False
1741802183378,81956.06,7e-05,False
1741802183378,81956.06,7e-05,False
1741802183378,81956.29,0.00023,False
1741802183378,81956.29,0.00023,False
1741802183378,81956.29,0.00023,False
1741802183378,81956.29,7e-05,False
1741802183378,81956.29,7e-05,False
1741802183378,81956.3,0.003,False
1741802183378,81956.3,7e-05,False
1741802183378,81956.88,7e-05,False
1741802183378,81956.88,7e-05,False
1741802183401,81957.07,0.0001,False
1741802183401,81957.07,0.0001,False
1741802183401,81957.07,7e-05,False
1741802183401,81957.07,7e-05,False
1741802183401,81957.07,0.0001,False
1741802183401,81957.07,7e-05,False
1741802183401,81957.07,7e-05,False
1741802183401,81957.07,7e-05,False
1741802183401,81957.07,7e-05,False
1741802183401,81957.08,0.0001,False
1741802183401,81957.08,7e-05,False
1741802183401,81957.08,7e-05,False
1741802183401,81957.08,0.00013,False
1741802183401,81957.25,7e-05,False
1741802183401,81957.25,7e-05,False
1741802183401,81957.7,7e-05,False
1741802183401,81957.7,7e-05,False
1741802183401,81957.7,7e-05,False
1741802183401,81959.35,7e-05,False
1741802183401,81959.35,7e-05,False
1741802183401,81959.35,7e-05,False
1741802183401,81961.38,0.00207,False
1741802183401,81961.38,7e-05,False
1741802183744,81961.99,7e-05,False
1741802183744,81961.99,7e-05,False
1741802183744,81961.99,7e-05,False
1741802183744,81961.99,0.0003,False
1741802183744,81961.99,7e-05,False
1741802183744,81961.99,7e-05,False
1741802183744,81961.99,7e-05,False
1741802183744,81961.99,0.00013,False
1741802183744,81961.99,0.12162,False
1741802183744,81961.99,0.0001,False
1741802183744,81961.99,0.0001,False
1741802183744,81961.99,0.0001,False
1741802183744,81962.0,7e-05,False
1741802183744,81962.0,7e-05,False
1741802183744,81962.0,0.00013,False
1741802183744,81962.0,0.00013,False
1741802183744,81962.0,0.00014,False
1741802183744,81962.0,9e-05,False
1741802183744,81962.19,0.00029,False
1741802183744,81962.19,0.00029,False
1741802183744,81962.19,0.00029,False
1741802183744,81962.19,7e-05,False
1741802183744,81962.19,7e-05,False
1741802183744,81962.21,7e-05,False
1741802183744,81962.21,7e-05,False
1741802183744,81962.64,7e-05,False
1741802183744,81962.64,7e-05,False
1741802183744,81962.64,7e-05,False
1741802183744,81964.23,7e-05,False
1741802183744,81964.29,7e-05,False
1741802183744,81964.49,7e-05,False
1741802183744,81965.69,0.00049,False
1741802183744,81965.93,7e-05,False
1741802183744,81966.13,0.0003,False
1741802183744,81966.55,7e-05,False
1741802183747,81967.58,7e-05,False
1741802183756,81967.2,0.0001,False
1741802183756,81967.2,0.0001,False
1741802183756,81967.2,7e-05,False
1741802183756,81967.2,7e-05,False
1741802183756,81967.2,7e-05,False
1741802183756,81967.2,7e-05,False
1741802183756,81967.2,0.0001,False
1741802183756,81967.2,7e-05,False
1741802183756,81967.2,7e-05,False
1741802183756,81967.2,7e-05,False
1741802183756,81967.2,7e-05,False
1741802183756,81967.2,0.0001,False
1741802183756,81967.2,0.0001,False
1741802183756,81967.2,0.0001,False
1741802183756,81967.2,7e-05,False
1741802183756,81967.2,7e-05,False
1741802183756,81967.2,7e-05,False
1741802183756,81967.21,0.0001,False
1741802183756,81967.21,0.0001,False
1741802183756,81967.21,7e-05,False
1741802183756,81967.58,7e-05,False
1741802183756,81967.58,7e-05,False
1741802183756,81967.58,7e-05,False
1741802183756,81967.58,7e-05,False
1741802183756,81968.57,0.00033,False
1741802183756,81968.57,0.00032,False
1741802183756,81968.57,0.00032,False
1741802183756,81968.57,0.00032,False
1741802183756,81968.57,7e-05,False
1741802183756,81968.57,7e-05,False
1741802183756,81968.58,0.00013,False
1741802183756,81968.58,7e-05,False
1741802183756,81968.58,7e-05,False
1741802183756,81969.75,0.00201,False
1741802183756,81969.75,7e-05,False
1741802183756,81970.96,0.00023,False
1741802183756,81970.96,7e-05,False
1741802183756,81971.01,0.00084,False
1741802183756,81971.01,7e-05,False
1741802183756,81971.02,0.00013,False
1741802183756,81972.19,0.00013,False
1741802183756,81973.2,0.0001,False
1741802183760,81973.21,0.01485,False
1741802183761,81973.2,0.001,True
1741802183894,81973.21,7e-05,False
1741802183894,81973.21,7e-05,False
1741802183894,81973.21,7e-05,False
1741802183894,81973.21,7e-05,False
1741802183894,81973.21,7e-05,False
1741802183894,81973.21,0.0001,False
1741802183894,81973.21,0.0001,False
1741802183894,81973.21,0.0001,False
1741802183894,81973.22,0.00023,False
1741802183894,81973.22,0.00014,False
1741802183894,81973.22,7e-05,False
1741802183894,81973.22,0.00014,False
1741802183894,81973.33,7e-05,False
1741802183894,81973.34,7e-05,False
1741802183894,81973.34,7e-05,False
1741802183894,81973.58,0.00025,False
1741802183894,81973.58,0.00025,False
1741802183894,81973.58,0.00025,False
1741802183894,81973.58,7e-05,False
1741802183894,81974.72,0.00039,False
1741802183894,81974.73,0.0055,False
1741802183894,81975.81,7e-05,False
1741802183894,81977.03,0.00012,False
1741802184058,81977.33,0.01175,False
1741802184058,81977.33,7e-05,False
1741802184058,81977.33,0.00013,False
1741802184058,81977.33,7e-05,False
1741802184058,81977.33,7e-05,False
1741802184058,81977.33,7e-05,False
1741802184058,81977.33,7e-05,False
1741802184058,81977.33,7e-05,False
1741802184058,81977.33,0.0001,False
1741802184058,81977.33,0.0001,False
1741802184058,81977.33,0.0001,False
1741802184058,81977.34,0.00021,False
1741802184058,81977.34,0.00014,False
1741802184058,81977.34,0.00014,False
1741802184058,81977.34,7e-05,False
1741802184058,81977.34,7e-05,False
1741802184058,81977.34,0.0001,False
1741802184058,81977.63,7e-05,False
1741802184058,81977.63,7e-05,False
1741802184058,81977.95,0.00022,False
1741802184058,81977.95,0.00022,False
1741802184058,81977.95,0.00022,False
1741802184058,81977.95,7e-05,False
1741802184058,81977.96,7e-05,False
1741802184058,81977.99,0.00104,False
1741802184058,81977.99,7e-05,False
1741802184058,81978.14,0.00201,False
1741802184058,81978.39,0.003,False
1741802184058,81978.42,0.00123,False
1741802184058,81979.98,0.00018,False
1741802184058,81979.99,9e-05,False
1741802184114,81979.99,9e-05,True
1741802184572,81980.0,0.00032,False
1741802184817,81980.0,0.00166,False
1741802184906,81979.99,0.00222,True
1741802184906,81979.99,0.08397,True
1741802184906,81979.99,0.01382,True
1741802185639,81980.0,0.0018,False
1741802185674,81980.0,0.00026,False
1741802185776,81980.0,0.00193,False
1741802185884,81980.0,7e-05,False
1741802186269,81979.99,0.0527,True
1741802186872,81980.0,0.00133,False
1741802186913,81980.0,9e-05,False
1741802187094,81979.99,0.01745,True
1741802187094,81979.99,0.18746,True
1741802187094,81979.99,0.01254,True
1741802187094,81979.99,8e-05,True
1741802187094,81979.99,0.00014,True
1741802187094,81979.99,0.00014,True
1741802187094,81979.99,0.01199,True
1741802187094,81979.99,0.16801,True
1741802187094,81979.99,0.00385,True
1741802187094,81979.99,7e-05,True
1741802187094,81979.99,0.0001,True
1741802187094,81979.99,0.03673,True
1741802187094,81979.99,0.0242,True
1741802187094,81979.99,0.01359,True
1741802187096,81979.99,0.09661,True
1741802187096,81979.99,0.11409,True
1741802187096,81979.99,0.07443,True
1741802187096,81979.99,0.06728,True
1741802187096,81979.99,0.05263,True
1741802187096,81979.99,0.00117,True
1741802187096,81979.99,0.00163,True
1741802187096,81979.99,0.0001,True
1741802187096,81979.98,0.00013,True
1741802187096,81979.98,0.00014,True
1741802187096,81979.98,0.00014,True
1741802187096,81979.98,0.00052,True
1741802187096,81979.98,7e-05,True
1741802187098,81979.01,0.00949,True
1741802187099,81978.72,7e-05,True
1741802187099,81978.72,7e-05,True
1741802187099,81978.71,7e-05,True
1741802187099,81978.52,7e-05,True
1741802187099,81978.51,7e-05,True
1741802187099,81978.5,7e-05,True
1741802187099,81978.02,7e-05,True
1741802187101,81977.53,7e-05,True
1741802187101,81977.52,0.00033,True
1741802187101,81977.52,0.00814,True
1741802187101,81977.52,0.03831,True
1741802187101,81977.52,0.03858,True
1741802187102,81977.47,7e-05,True
1741802187102,81977.32,0.00043,True
1741802187102,81976.64,7e-05,True
1741802187102,81976.01,9e-05,True
1741802187102,81975.82,7e-05,True
1741802187102,81975.54,7e-05,True
1741802187105,81974.02,8e-05,True
1741802187105,81974.02,7e-05,True
1741802187108,81973.22,7e-05,True
1741802187108,81973.21,0.05873,True
1741802187109,81973.21,0.00226,True
1741802187109,81973.21,0.02924,True
1741802187110,81973.21,0.00125,True
1741802187110,81973.21,0.002,True
1741802187110,81973.21,7e-05,True
1741802187110,81973.21,0.00051,True
1741802187113,81972.02,7e-05,True
1741802187116,81971.79,0.003,True
1741802187116,81971.79,7e-05,True
1741802187116,81971.79,0.0001,True
1741802187116,81971.79,0.0001,True
1741802187116,81971.27,7e-05,True
1741802187116,81970.8,7e-05,True
1741802187116,81970.8,7e-05,True
1741802187116,81970.02,0.00207,True
1741802187116,81970.02,7e-05,True
1741802187116,81969.77,0.00013,True
1741802187116,81969.77,7e-05,True
1741802187116,81967.82,0.001,True
1741802187116,81967.82,7e-05,True
1741802187116,81967.2,0.00013,True
1741802187116,81967.2,7e-05,True
1741802187116,81967.1,0.00013,True
1741802187116,81967.06,7e-05,True
1741802187119,81967.05,0.0001,True
1741802187119,81967.05,7e-05,True
1741802187119,81967.05,0.0001,True
1741802187119,81967.05,0.0001,True
1741802187119,81967.04,0.0001,True
1741802187119,81966.65,7e-05,True
1741802187119,81966.65,7e-05,True
1741802187119,81965.94,7e-05,True
1741802187119,81963.6,7e-05,True
1741802187119,81963.59,0.003,True
1741802187119,81963.59,7e-05,True
1741802187119,81963.57,7e-05,True
1741802187119,81963.57,7e-05,True
1741802187119,81963.56,7e-05,True
1741802187119,81963.04,7e-05,True
1741802187119,81963.04,7e-05,True
1741802187119,81962.99,0.0001,True
1741802187119,81962.97,0.00013,True
1741802187119,81962.5,7e-05,True
1741802187119,81962.24,7e-05,True
1741802187119,81962.01,7e-05,True
1741802187293,81960.69,7e-05,True
1741802187293,81960.69,0.06289,True
1741802187293,81960.69,0.00248,True
1741802187293,81960.69,0.006,True
1741802187293,81960.69,0.0001,True
1741802187295,81960.68,0.00082,True
1741802187295,81960.68,7e-05,True
1741802187295,81960.68,0.00013,True
1741802187295,81960.68,0.00014,True
1741802187295,81960.68,0.0001,True
1741802187295,81960.63,7e-05,True
1741802187295,81960.62,7e-05,True
1741802187295,81960.58,0.00053,True
1741802187295,81960.58,7e-05,True
1741802187296,81960.23,0.00088,True
1741802187296,81960.23,0.00079,True
1741802187296,81960.23,0.00088,True
1741802187296,81960.23,7e-05,True
1741802187298,81960.18,7e-05,True
1741802187298,81960.18,0.0001,True
1741802187298,81960.18,0.0001,True
1741802187298,81959.34,7e-05,True
1741802187298,81957.71,7e-05,True
1741802187298,81957.71,7e-05,True
1741802187298,81955.38,7e-05,True
1741802187298,81955.38,7e-05,True
1741802187298,81955.37,0.006,True
1741802187298,81955.37,7e-05,True
1741802187298,81954.9,0.00013,True
1741802187298,81954.77,7e-05,True
1741802187298,81954.77,7e-05,True
1741802187298,81953.78,0.003,True
1741802187298,81951.77,0.00037,True
1741802187298,81951.76,0.00013,True
1741802187298,81951.34,7e-05,True
1741802187301,81951.33,7e-05,True
1741802187558,81951.34,0.08766,False
1741802187558,81951.34,0.05846,False
1741802187558,81951.34,0.09001,False
1741802187559,81951.34,0.05153,False
1741802187559,81951.34,7e-05,False
1741802187559,81951.34,7e-05,False
1741802187559,81951.34,7e-05,False
1741802187559,81951.34,0.04,False
1741802187559,81951.34,0.00013,False
1741802187559,81951.34,7e-05,False
1741802187559,81951.34,0.00624,False
1741802187563,81951.34,0.19376,False
1741802187563,81951.34,0.02319,False
1741802187563,81951.34,0.00303,False
1741802187563,81951.34,0.00101,False
1741802187563,81951.34,7e-05,False
1741802187563,81951.34,0.0001,False
1741802187563,81951.34,7e-05,False
1741802187563,81951.34,0.0001,False
1741802187563,81951.34,7e-05,False
1741802187563,81951.34,7e-05,False
1741802187563,81951.34,7e-05,False
1741802187563,81951.34,7e-05,False
1741802187563,81951.35,7e-05,False
1741802187563,81951.35,7e-05,False
1741802187563,81951.35,0.00013,False
1741802187563,81951.35,0.00014,False
1741802187563,81951.35,0.00013,False
1741802187566,81951.77,7e-05,False
1741802187566,81951.77,7e-05,False
1741802187566,81951.94,7e-05,False
1741802187566,81953.25,7e-05,False
1741802187566,81953.25,7e-05,False
1741802187566,81953.62,7e-05,False
1741802187566,81953.62,7e-05,False
1741802187566,81953.63,7e-05,False
1741802187566,81953.64,7e-05,False
1741802187566,81953.79,7e-05,False
1741802187566,81954.41,7e-05,False
1741802187619,81959.23,0.10518,True
1741802187638,81959.24,7e-05,False
1741802187638,81959.24,7e-05,False
1741802187638,81959.24,7e-05,False
1741802187638,81959.24,7e-05,False
1741802187638,81959.24,7e-05,False
1741802187638,81959.24,0.0001,False
1741802187638,81959.24,7e-05,False
1741802187640,81959.25,0.00014,False
1741802187640,81959.25,7e-05,False
1741802187640,81959.25,7e-05,False
1741802187640,81959.25,0.00014,False
1741802187644,81960.7,0.00061,False
1741802187644,81960.7,7e-05,False
1741802187644,81960.7,7e-05,False
1741802187644,81960.7,0.0001,False
1741802187644,81960.7,7e-05,False
1741802187644,81960.7,7e-05,False
1741802187644,81960.7,7e-05,False
1741802187644,81960.7,7e-05,False
1741802187644,81960.85,0.01059,False
1741802187644,81960.85,7e-05,False
1741802187644,81960.85,7e-05,False
1741802187646,81961.14,7e-05,False
1741802187646,81961.14,7e-05,False
1741802187646,81961.14,0.0001,False
1741802187646,81961.57,0.00013,False
1741802187646,81961.57,7e-05,False
1741802187646,81961.57,7e-05,False
1741802187646,81961.99,8e-05,False
1741802187646,81961.99,8e-05,False
1741802187646,81961.99,8e-05,False
1741802187646,81961.99,7e-05,False
1741802187646,81961.99,7e-05,False
1741802187715,81962.21,7e-05,False
1741802187715,81962.21,0.0001,False
1741802187715,81962.21,7e-05,False
1741802187715,81962.21,7e-05,False
1741802187715,81962.21,7e-05,False
1741802187715,81962.21,7e-05,False
1741802187715,81962.21,7e-05,False
1741802187717,81962.24,7e-05,False
1741802187717,81962.24,7e-05,False
1741802187717,81962.24,7e-05,False
1741802187719,81962.64,7e-05,False
1741802187719,81962.64,7e-05,False
1741802187719,81962.64,0.0001,False
1741802187721,81962.94,7e-05,False
1741802187721,81962.94,7e-05,False
1741802187721,81964.19,0.00011,False
1741802187721,81964.19,0.00011,False
1741802187721,81964.19,0.00011,False
1741802187723,81964.2,7e-05,False
1741802187723,81964.2,7e-05,False
1741802187725,81964.29,7e-05,False
1741802187725,81964.29,7e-05,False
1741802187729,81965.66,7e-05,False
1741802187729,81965.66,0.0001,False
1741802187729,81965.66,7e-05,False
1741802187729,81965.66,7e-05,False
1741802187729,81965.66,7e-05,False
1741802187729,81965.66,7e-05,False
1741802187729,81967.01,0.00014,False
1741802187729,81967.01,0.00014,False
1741802187729,81967.01,0.00014,False
1741802187729,81967.01,7e-05,False
1741802187729,81967.01,7e-05,False
1741802187877,81967.02,7e-05,False
1741802187877,81967.02,0.00023,False
1741802187877,81967.02,7e-05,False
1741802187877,81967.02,7e-05,False
1741802187877,81967.02,7e-05,False
1741802187877,81967.02,0.0001,False
1741802187877,81967.02,7e-05,False
1741802187877,81967.02,7e-05,False
1741802187877,81967.03,0.00014,False
1741802187877,81967.03,7e-05,False
1741802187877,81967.03,7e-05,False
1741802187877,81967.03,0.00014,False
1741802187877,81967.2,7e-05,False
1741802187877,81967.2,7e-05,False
1741802187877,81967.86,0.11595,False
1741802187902,81967.86,7e-05,False
1741802187902,81967.86,7e-05,False
1741802187902,81967.86,0.0001,False
1741802187902,81967.86,7e-05,False
1741802187902,81967.86,7e-05,False
1741802187902,81967.86,7e-05,False
1741802187902,81967.86,7e-05,False
1741802187902,81967.98,0.01995,False
1741802187902,81967.98,7e-05,False
1741802187902,81967.98,7e-05,False
1741802187902,81969.0,7e-05,False
1741802187902,81969.0,7e-05,False
1741802187902,81969.01,7e-05,False
1741802187902,81969.01,7e-05,False
1741802187902,81969.08,9e-05,False
1741802187902,81969.08,7e-05,False
1741802187902,81969.08,7e-05,False
1741802188019,81970.86,0.01841,True
1741802188122,81970.87,7e-05,False
1741802188122,81970.87,7e-05,False
1741802188122,81970.87,7e-05,False
1741802188122,81970.87,7e-05,False
1741802188122,81970.87,0.00014,False
1741802188122,81970.87,0.00081,False
1741802188235,81970.87,0.00183,False
1741802188392,81970.87,7e-05,False
1741802188466,81970.86,7e-05,True
1741802188490,81970.87,0.11926,False
1741802188490,81970.87,0.00066,False
1741802188490,81970.87,7e-05,False
1741802188490,81970.87,7e-05,False
1741802188490,81970.87,7e-05,False
1741802188490,81970.87,7e-05,False
1741802188490,81970.87,7e-05,False
1741802188490,81970.87,7e-05,False
1741802188490,81970.87,0.00085,False
1741802188490,81970.87,0.00013,False
1741802188490,81970.87,9e-05,False
1741802188490,81970.87,0.0001,False
1741802188490,81970.88,0.0002,False
1741802188490,81970.88,7e-05,False
1741802188490,81970.88,7e-05,False
1741802188490,81970.88,0.00014,False
1741802188490,81970.88,0.00013,False
1741802188490,81970.88,0.00013,False
1741802188490,81970.92,0.0002,False
1741802188490,81970.92,0.0002,False
1741802188490,81970.92,0.0002,False
1741802188490,81970.92,5e-05,False
1741802188491,81970.92,2e-05,False
1741802188491,81970.92,7e-05,False
1741802188491,81971.36,7e-05,False
1741802188491,81971.36,7e-05,False
1741802188492,81971.48,7e-05,False
1741802188492,81971.48,3e-05,False
1741802188493,81971.48,4e-05,False
1741802188493,81971.49,7e-05,False
1741802188493,81971.7,7e-05,False
1741802188527,81973.3,0.02,False
1741802188527,81973.3,7e-05,False
1741802188527,81973.3,0.0001,False
1741802188527,81973.3,7e-05,False
1741802188527,81973.3,7e-05,False
1741802188527,81973.3,7e-05,False
1741802188527,81973.3,7e-05,False
1741802188527,81973.3,0.00238,False
1741802188527,81973.3,0.05874,False
1741802188527,81973.31,0.00012,False
1741802188527,81973.31,7e-05,False
1741802188527,81973.31,0.00013,False
1741802188527,81973.34,7e-05,False
1741802188527,81973.39,0.00012,False
1741802188527,81973.39,0.00012,False
1741802188527,81973.39,0.00012,False
1741802188527,81973.39,7e-05,False
1741802188527,81973.4,0.01994,False
1741802188529,81973.4,6e-05,False
1741802188529,81973.4,7e-05,False
1741802188529,81973.4,7e-05,False
1741802188529,81973.4,0.0001,False
1741802188529,81975.86,0.00014,False
1741802188535,81975.93,0.003,False
1741802188535,81975.93,7e-05,False
1741802188535,81975.93,0.0001,False
1741802188535,81975.93,7e-05,False
1741802188535,81975.93,7e-05,False
1741802188535,81975.94,0.00013,False
1741802188535,81977.28,0.0002,False
1741802188541,81977.29,0.00013,False
1741802188541,81977.29,7e-05,False
1741802188541,81977.29,7e-05,False
1741802188541,81977.29,7e-05,False
1741802188541,81977.29,7e-05,False
1741802188541,81977.29,7e-05,False
1741802188541,81977.29,0.0001,False
1741802188541,81977.3,7e-05,False
1741802188548,81978.14,0.00024,False
1741802188944,81978.13,7e-05,True
1741802188944,81978.13,0.0217,True
1741802189020,81978.13,0.00013,True
1741802189020,81978.13,0.00118,True
1741802189020,81978.13,0.0001,True
1741802189020,81978.13,0.0001,True
1741802189020,81978.13,0.0001,True
1741802189020,81978.13,7e-05,True
1741802189020,81978.13,0.00096,True
1741802189020,81978.13,0.0483,True
1741802189020,81978.13,0.00469,True
1741802189020,81978.13,0.0003,True
1741802189020,81978.12,0.00014,True
1741802189020,81978.12,0.00014,True
1741802189020,81978.12,0.00014,True
1741802189020,81978.12,7e-05,True
1741802189020,81978.07,0.00054,True
1741802189020,81978.06,7e-05,True
1741802189020,81978.05,7e-05,True
1741802189020,81978.01,7e-05,True
1741802189020,81978.0,7e-05,True
1741802189020,81977.47,7e-05,True
1741802189020,81977.47,7e-05,True
1741802189020,81977.4,7e-05,True
1741802189020,81975.04,7e-05,True
1741802189020,81975.04,7e-05,True
1741802189021,81974.29,0.00014,True
1741802189021,81972.0,8e-05,True
1741802189021,81970.86,0.00015,True
1741802189021,81970.86,0.00024,True
1741802189021,81970.8,7e-05,True
1741802189021,81969.94,7e-05,True
1741802189021,81969.94,0.13514,True
1741802189021,81969.94,7e-05,True
1741802189023,81968.4,0.00024,True
1741802189023,81968.4,0.00024,True
1741802189028,81966.72,7e-05,True
1741802189055,81962.66,0.003,True
1741802189055,81962.66,0.0001,True
1741802189055,81962.66,0.0039,True
1741802189055,81962.66,0.0001,True
1741802189055,81962.66,0.0001,True
1741802189055,81962.66,0.09131,True
1741802189055,81962.66,0.01,True
1741802189099,81962.67,0.0007,False
1741802190537,81962.67,0.0001,False
1741802190537,81962.67,5e-05,False
1741802190585,81962.67,2e-05,False
1741802190585,81962.67,7e-05,False
1741802190585,81962.67,7e-05,False
1741802190585,81962.67,7e-05,False
1741802190585,81962.67,7e-05,False
1741802190585,81962.67,0.00014,False
1741802190585,81962.67,7e-05,False
1741802190585,81962.67,7e-05,False
1741802190585,81962.67,7e-05,False
1741802190585,81962.67,0.0001,False
1741802190585,81962.67,7e-05,False
1741802190585,81962.67,7e-05,False
1741802190585,81962.67,0.0001,False
1741802190585,81962.67,0.0001,False
1741802190585,81962.67,7e-05,False
1741802190585,81962.67,0.0001,False
1741802190585,81962.67,0.0001,False
1741802190585,81962.67,7e-05,False
1741802190585,81962.67,0.0001,False
1741802190585,81962.67,0.0001,False
1741802190585,81962.67,7e-05,False
1741802190585,81962.67,7e-05,False
1741802190585,81962.67,0.0001,False
1741802190585,81962.67,7e-05,False
1741802190585,81962.67,0.0001,False
1741802190585,81962.67,7e-05,False
1741802190585,81962.67,7e-05,False
1741802190585,81962.67,0.0001,False
1741802190585,81962.67,7e-05,False
1741802190585,81962.67,7e-05,False
1741802190585,81962.67,7e-05,False
1741802190585,81962.67,0.0001,False
1741802190585,81962.67,7e-05,False
1741802190585,81962.67,7e-05,False
1741802190585,81962.67,0.0001,False
1741802190585,81962.67,0.0001,False
1741802190585,81962.67,0.0001,False
1741802190585,81962.67,7e-05,False
1741802190585,81962.67,7e-05,False
1741802190585,81962.67,0.0001,False
1741802190585,81962.67,0.0001,False
1741802190585,81962.67,0.001,False
1741802190585,81962.67,0.0001,False
1741802190585,81962.67,0.0001,False
1741802190585,81962.67,0.0001,False
1741802190585,81962.68,0.00013,False
1741802190585,81962.68,0.00013,False
1741802190585,81962.68,0.00014,False
1741802190585,81962.68,7e-05,False
1741802190585,81962.68,7e-05,False
1741802190590,81963.01,7e-05,False
1741802190590,81963.01,7e-05,False
1741802190590,81963.01,0.0001,False
1741802190590,81963.01,7e-05,False
1741802190590,81963.01,7e-05,False
1741802190590,81963.01,7e-05,False
1741802190590,81963.01,7e-05,False
1741802190592,81963.02,7e-05,False
1741802190592,81963.02,7e-05,False
1741802190594,81963.46,7e-05,False
1741802190594,81963.46,7e-05,False
1741802190594,81963.46,0.0001,False
1741802190596,81963.68,7e-05,False
1741802190596,81963.68,7e-05,False
1741802190596,81963.68,0.0001,False
1741802190598,81964.29,7e-05,False
1741802190598,81964.29,7e-05,False
1741802190598,81964.29,0.0001,False
1741802190598,81964.29,7e-05,False
1741802190598,81964.29,7e-05,False
1741802190598,81964.29,7e-05,False
1741802190620,81966.28,7e-05,False
1741802190620,81966.28,0.0001,False
1741802190620,81966.28,7e-05,False
1741802190620,81966.28,7e-05,False
1741802190620,81966.28,7e-05,False
1741802190620,81966.28,7e-05,False
1741802190620,81966.28,7e-05,False
1741802190620,81966.29,0.00013,False
1741802190620,81966.29,7e-05,False
1741802190620,81966.29,7e-05,False
1741802190620,81966.76,7e-05,False
1741802190620,81966.76,7e-05,False
1741802190620,81966.76,7e-05,False
1741802190620,81970.0,7e-05,False
1741802190620,81970.0,7e-05,False
1741802190620,81970.0,7e-05,False
1741802190620,81970.28,9e-05,False
1741802190620,81970.28,7e-05,False
1741802190620,81970.28,7e-05,False
1741802190620,81970.81,0.00998,False
1741802190620,81970.81,7e-05,False
1741802190620,81970.82,7e-05,False
1741802190620,81970.83,7e-05,False
1741802190620,81970.83,8e-05,False
1741802190744,81970.84,7e-05,False
1741802190744,81970.84,7e-05,False
1741802190744,81970.84,7e-05,False
1741802190744,81970.84,7e-05,False
1741802190744,81970.84,7e-05,False
1741802190744,81970.84,0.00542,False
1741802190744,81970.84,0.00382,False
1741802190744,81970.84,0.00958,False
1741802190744,81970.84,0.00014,False
1741802190744,81970.84,0.0001,False
1741802190744,81970.84,7e-05,False
1741802190744,81970.85,0.00013,False
1741802190744,81970.85,7e-05,False
1741802190744,81970.85,7e-05,False
1741802190744,81970.85,0.00014,False
1741802190744,81970.87,7e-05,False
1741802190746,81970.87,7e-05,False
1741802190746,81970.87,7e-05,False
1741802190746,81971.7,7e-05,False
1741802190753,81972.04,9e-05,False
1741802190753,81972.04,0.00011,False
1741802190753,81972.04,7e-05,False
1741802190753,81972.04,7e-05,False
1741802190753,81972.04,0.0001,False
1741802190753,81972.04,7e-05,False
1741802190753,81972.04,7e-05,False
1741802190753,81972.04,7e-05,False
1741802190753,81972.04,7e-05,False
1741802190755,81972.05,7e-05,False
1741802190755,81972.4,0.10069,False
1741802190758,81972.4,0.01708,False
1741802190758,81972.4,7e-05,False
1741802190758,81972.4,0.0001,False
1741802190758,81972.4,7e-05,False
1741802190758,81972.4,7e-05,False
1741802190758,81972.4,7e-05,False
1741802190758,81972.4,7e-05,False
1741802190758,81972.52,7e-05,False
1741802190758,81972.52,7e-05,False
1741802190759,81972.86,7e-05,False
1741802190760,81972.86,0.0001,False
1741802190760,81973.34,7e-05,False
1741802190760,81974.04,0.0001,False
1741802190760,81974.16,0.0001,False
1741802190765,81976.58,0.0001,False
1741802190765,81976.58,7e-05,False
1741802190765,81976.58,0.0001,False
1741802190765,81976.58,7e-05,False
1741802190765,81976.58,7e-05,False
1741802190765,81976.58,7e-05,False
1741802190765,81976.58,7e-05,False
1741802190765,81976.59,7e-05,False
1741802190765,81976.92,8e-05,False
1741802190765,81976.92,7e-05,False
1741802190765,81976.98,0.00013,False
1741802190765,81976.98,7e-05,False
1741802190765,81978.02,8e-05,False
1741802190765,81978.02,7e-05,False
1741802190765,81978.14,0.00065,False
1741802190803,81978.14,0.00118,False
1741802190803,81978.14,0.0001,False
1741802190803,81978.14,7e-05,False
1741802190803,81978.14,7e-05,False
1741802190803,81978.14,7e-05,False
1741802190803,81978.14,7e-05,False
1741802190803,81978.14,7e-05,False
1741802190803,81978.14,7e-05,False
1741802190803,81979.05,0.00013,False
1741802190803,81979.05,0.00025,False
1741802190803,81979.05,0.00025,False
1741802190803,81979.05,7e-05,False
1741802190806,81979.07,0.003,False
1741802190806,81979.07,7e-05,False
1741802190806,81979.07,0.0001,False
1741802190806,81979.21,7e-05,False
1741802190806,81979.5,0.00013,False
1741802190806,81979.5,7e-05,False
1741802190806,81979.62,0.00503,False
1741802190806,81980.0,0.01694,False
1741802190809,81980.0,7e-05,False
1741802190809,81980.0,0.0001,False
1741802190809,81980.96,0.00013,False
1741802190809,81980.96,9e-05,False
1741802190834,81981.06,0.00288,True
1741802191046,81981.07,0.00013,False
1741802191046,81981.07,7e-05,False
1741802191270,81981.06,0.06082,True
1741802191270,81981.06,0.46418,True
1741802191402,81981.07,7e-05,False
1741802191402,81981.07,0.00084,False
1741802191473,81981.06,0.00079,True
1741802191532,81981.06,0.10553,True
1741802191815,81981.07,7e-05,False
1741802191815,81981.07,0.00013,False
1741802191872,81981.07,1e-05,False
1741802191872,81981.07,0.00039,False
1741802191873,81981.07,0.00012,False
1741802191874,81981.07,8e-05,False
1741802191914,81981.06,0.00118,True
1741802191986,81981.07,0.0001,False
1741802191986,81981.07,7e-05,False
1741802191986,81981.07,7e-05,False
1741802191986,81981.07,7e-05,False
1741802191986,81981.07,7e-05,False
1741802191986,81981.07,7e-05,False
1741802191986,81981.07,0.00014,False
1741802191988,81981.08,0.00019,False
1741802191988,81981.08,0.00013,False
1741802191988,81981.08,0.00014,False
1741802191988,81981.08,0.00014,False
1741802191988,81981.08,7e-05,False
1741802191988,81981.08,7e-05,False
1741802191988,81981.08,0.0001,False
1741802191990,81981.28,7e-05,False
1741802191990,81981.28,7e-05,False
1741802191990,81981.28,0.0001,False
1741802191992,81981.57,7e-05,False
1741802191992,81981.57,7e-05,False
1741802191992,81981.57,0.0001,False
1741802191992,81981.78,7e-05,False
1741802191992,81981.78,7e-05,False
1741802192016,81981.99,0.00014,False
1741802192016,81981.99,0.00032,False
1741802192016,81981.99,0.00014,False
1741802192016,81981.99,7e-05,False
1741802192016,81981.99,0.0001,False
1741802192016,81982.0,0.00013,False
1741802192016,81982.24,7e-05,False
1741802192016,81982.24,7e-05,False
1741802192016,81982.4,7e-05,False
1741802192016,81982.4,7e-05,False
1741802192016,81982.51,8e-05,False
1741802192016,81982.51,7e-05,False
1741802192016,81982.52,8e-05,False
1741802192016,81982.52,7e-05,False
1741802192016,81982.53,0.02541,False
1741802192016,81982.53,7e-05,False
1741802192016,81983.12,7e-05,False
1741802192016,81983.12,7e-05,False
1741802192016,81983.22,7e-05,False
1741802192016,81983.22,7e-05,False
1741802192016,81983.99,0.00041,False
1741802192016,81984.04,7e-05,False
1741802192338,81984.87,0.09747,True
1741802192338,81984.87,0.0001,True
1741802192338,81984.87,0.06871,True
1741802192416,81984.88,7e-05,False
1741802192416,81984.88,7e-05,False
1741802192416,81984.88,7e-05,False
1741802192416,81984.88,7e-05,False
1741802192416,81984.88,0.00013,False
1741802192416,81984.88,7e-05,False
1741802192416,81984.88,0.00015,False
1741802192416,81984.88,0.00015,False
1741802192416,81984.88,0.0001,False
1741802192416,81984.88,7e-05,False
1741802192416,81984.89,0.00019,False
1741802192416,81984.89,0.00014,False
1741802192416,81984.89,0.00013,False
1741802192416,81984.89,7e-05,False
1741802192416,81984.89,0.00013,False
1741802192416,81985.69,7e-05,False
1741802192416,81985.69,7e-05,False
1741802192510,81986.24,0.00066,True
1741802192585,81986.25,0.00129,False
1741802192612,81986.25,7e-05,False
1741802192612,81986.25,7e-05,False
1741802192612,81986.25,7e-05,False
1741802192612,81986.25,7e-05,False
1741802192612,81986.25,7e-05,False
1741802192612,81986.25,0.0001,False
1741802192612,81986.25,7e-05,False
1741802192612,81986.25,0.00013,False
1741802192612,81986.25,0.0001,False
1741802192612,81986.25,0.0001,False
1741802192612,81986.25,7e-05,False
1741802192612,81986.26,7e-05,False
1741802192612,81986.26,0.00014,False
1741802192612,81986.26,0.00013,False
1741802192612,81986.26,7e-05,False
1741802192612,81986.51,8e-05,False
1741802192612,81986.51,8e-05,False
1741802192612,81986.51,0.0002,False
1741802192612,81986.51,0.00013,False
1741802192612,81986.51,7e-05,False
1741802192612,81986.51,7e-05,False
1741802192612,81986.52,7e-05,False
1741802192612,81986.52,7e-05,False
1741802192612,81986.53,0.00201,False
1741802192612,81986.53,7e-05,False
1741802192612,81986.53,7e-05,False
1741802192612,81986.99,0.00018,False
1741802192612,81986.99,7e-05,False
1741802192612,81987.24,0.00018,False
1741802192612,81987.24,7e-05,False
1741802192612,81987.25,0.00013,False
1741802192612,81987.33,7e-05,False
1741802192612,81988.22,0.00499,False
1741802192612,81988.23,0.0001,False
1741802192612,81988.98,7e-05,False
1741802192612,81989.86,0.00024,False
1741802192615,81990.0,0.00494,False
1741802192615,81990.0,0.0001,False
1741802192615,81990.0,7e-05,False
1741802192615,81990.0,7e-05,False
1741802192615,81990.0,0.0194,False
1741802192615,81990.0,7e-05,False
1741802192615,81990.0,7e-05,False
1741802192615,81990.26,0.0003,False
1741802192615,81990.31,0.0067,False
1741802192615,81990.63,7e-05,False
1741802192615,81990.75,0.00013,False
1741802192615,81991.8,0.00013,False
1741802192615,81991.8,7e-05,False
1741802193607,81991.97,0.01792,True
1741802193704,81991.97,0.06389,True
1741802193704,81991.97,0.2,True
1741802193704,81991.97,0.0001,True
1741802193704,81991.97,0.0001,True
1741802193704,81991.97,0.0001,True
1741802193704,81991.97,0.0001,True
1741802193704,81991.97,0.06319,True
1741802193704,81991.97,7e-05,True
1741802193704,81991.97,0.03522,True
1741802193705,81991.97,0.08478,True
1741802193705,81991.97,0.00013,True
1741802193705,81991.97,0.0001,True
1741802193705,81991.97,0.0001,True
1741802193705,81991.97,0.00168,True
1741802193705,81991.97,0.0004,True
1741802193705,81991.97,0.01563,True
1741802193705,81991.97,0.00035,True
1741802193705,81991.97,0.0001,True
1741802193705,81991.96,0.00013,True
1741802193705,81991.96,7e-05,True
1741802193705,81991.96,0.00013,True
1741802193705,81991.96,0.00014,True
1741802193705,81991.95,0.00051,True
1741802193705,81991.95,7e-05,True
1741802193705,81991.94,7e-05,True
1741802193707,81991.46,7e-05,True
1741802193707,81991.46,0.0001,True
1741802193707,81991.46,0.0001,True
1741802193707,81990.88,7e-05,True
1741802193707,81990.31,7e-05,True
1741802193707,81990.06,7e-05,True
1741802193707,81990.0,7e-05,True
1741802193707,81989.99,0.00304,True
1741802193707,81989.99,0.00101,True
1741802193707,81989.81,7e-05,True
1741802193707,81986.79,7e-05,True
1741802193707,81986.79,8e-05,True
1741802193707,81984.87,0.00104,True
1741802193707,81983.78,7e-05,True
1741802193873,81983.77,0.00123,True
1741802194024,81983.78,0.00034,False
1741802194138,81983.78,0.00428,False
1741802194138,81983.78,0.01537,False
1741802194379,81983.77,0.03887,True
1741802194379,81983.77,0.003,True
1741802194379,81983.77,7e-05,True
1741802194379,81983.77,0.00014,True
1741802194379,81983.77,0.00425,True
1741802194379,81983.77,0.00223,True
1741802194379,81983.77,0.0001,True
1741802194379,81983.77,0.0001,True
1741802194379,81983.77,0.0001,True
1741802194379,81983.76,0.00012,True
1741802194379,81983.76,7e-05,True
1741802194379,81983.76,0.00013,True
1741802194379,81983.76,0.00014,True
1741802194379,81983.76,0.00014,True
1741802194379,81983.76,0.0001,True
1741802194379,81983.76,0.00053,True
1741802194379,81983.75,7e-05,True
1741802194379,81983.23,7e-05,True
1741802194379,81983.23,7e-05,True
1741802194379,81983.0,7e-05,True
1741802194379,81982.99,7e-05,True
1741802194379,81982.93,7e-05,True
1741802194379,81982.92,7e-05,True
1741802194379,81982.41,7e-05,True
1741802194379,81981.94,0.00022,True
1741802194379,81981.94,0.00022,True
1741802194379,81981.94,0.00022,True
1741802194379,81981.93,0.00013,True
1741802194379,81981.58,7e-05,True
1741802194379,81980.69,7e-05,True
1741802194379,81980.69,8e-05,True
1741802194381,81980.68,0.10001,True
1741802194385,81980.68,0.0001,True
1741802194385,81980.68,7e-05,True
1741802194385,81980.68,0.01304,True
1741802194385,81980.67,0.00015,True
1741802194385,81980.67,0.00053,True
1741802194385,81979.75,9e-05,True
1741802194385,81979.75,7e-05,True
1741802194386,81979.1,7e-05,True
1741802194386,81979.1,7e-05,True
1741802194390,81978.41,0.00207,True
1741802194390,81978.41,7e-05,True
1741802194390,81978.41,0.0001,True
1741802194390,81978.29,7e-05,True
1741802194390,81978.29,7e-05,True
1741802194416,81977.65,0.00013,True
1741802194416,81977.65,0.0001,True
1741802194416,81977.65,0.0001,True
1741802194416,81977.65,0.0001,True
1741802194416,81977.65,7e-05,True
1741802194416,81977.65,0.00053,True
1741802194416,81977.64,0.0001,True
1741802194416,81977.64,0.00016,True
1741802194416,81977.64,7e-05,True
1741802194416,81977.64,0.00056,True
1741802194416,81976.61,7e-05,True
1741802194416,81976.61,0.00027,True
1741802194416,81976.61,0.00027,True
1741802194416,81976.61,0.00027,True
1741802194416,81976.6,7e-05,True
1741802194416,81976.0,7e-05,True
1741802194416,81975.59,7e-05,True
1741802194416,81975.57,7e-05,True
1741802194416,81974.95,7e-05,True
1741802194416,81974.63,0.00013,True
1741802194416,81972.98,0.00011,True
1741802194416,81972.86,0.003,True
1741802194416,81972.08,0.00013,True
1741802194416,81972.05,7e-05,True
1741802194450,81972.05,0.05926,False
1741802194516,81972.04,7e-05,True
1741802194516,81972.04,0.00051,True
1741802194516,81972.04,0.0001,True
1741802194516,81972.04,0.0001,True
1741802194516,81972.04,0.0001,True
1741802194516,81972.04,0.00022,True
1741802194516,81972.03,0.00028,True
1741802194516,81972.03,0.00051,True
1741802194516,81972.03,7e-05,True
1741802194516,81972.03,0.00013,True
1741802194516,81972.03,0.0001,True
1741802194516,81972.03,0.00013,True
1741802194516,81971.79,7e-05,True
1741802194516,81971.79,0.00024,True
1741802194516,81971.79,0.00024,True
1741802194516,81971.79,0.00024,True
1741802194516,81971.78,7e-05,True
1741802194516,81971.71,7e-05,True
1741802194516,81971.71,7e-05,True
1741802194516,81971.27,7e-05,True
1741802194516,81970.85,7e-05,True
1741802194516,81970.84,7e-05,True
1741802194516,81970.04,0.00201,True
1741802194516,81968.86,7e-05,True
1741802194718,81968.86,0.0027,False
1741802195105,81968.86,0.0001,False
1741802195612,81968.86,0.07624,False
1741802196017,81968.85,0.00013,True
1741802196017,81968.85,7e-05,True
1741802196017,81968.85,0.00021,True
1741802196017,81968.85,0.00345,True
1741802196017,81968.85,0.00052,True
1741802196017,81968.85,0.0001,True
1741802196017,81968.85,0.0001,True
1741802196017,81968.85,0.0001,True
1741802196017,81968.84,0.00016,True
1741802196017,81968.84,0.00057,True
1741802196017,81968.84,0.00014,True
1741802196017,81968.84,0.00014,True
1741802196017,81968.84,0.00014,True
1741802196017,81968.84,7e-05,True
1741802196017,81968.78,0.00015,True
1741802196017,81968.78,0.00015,True
1741802196017,81968.41,7e-05,True
1741802196017,81967.89,0.0003,True
1741802196017,81967.59,7e-05,True
1741802196017,81967.21,0.00023,True
1741802196017,81966.83,0.0003,True
1741802196017,81966.77,7e-05,True
1741802196017,81966.65,7e-05,True
1741802196017,81964.94,0.00035,True
1741802196017,81963.82,0.00013,True
1741802196017,81963.69,0.00053,True
1741802196017,81962.54,0.001,True
1741802196017,81962.5,7e-05,True
1741802196017,81961.65,0.00201,True
1741802196017,81961.64,0.003,True
1741802196017,81960.66,7e-05,True
1741802196024,81960.66,0.0002,False
1741802196103,81960.66,0.00089,False
1741802196147,81960.66,0.0003,False
1741802196232,81960.66,0.00738,False
1741802196315,81960.65,0.00345,True
1741802196321,81960.66,7e-05,False
1741802196321,81960.66,7e-05,False
1741802196321,81960.66,0.07395,False
1741802196334,81960.66,0.00303,False
1741802196334,81960.66,0.00014,False
1741802196334,81960.66,7e-05,False
1741802196334,81960.66,7e-05,False
1741802196334,81960.66,7e-05,False
1741802196334,81960.66,0.0001,False
1741802196334,81960.66,7e-05,False
1741802196334,81960.66,7e-05,False
1741802196334,81960.66,7e-05,False
1741802196334,81960.66,7e-05,False
1741802196336,81960.67,0.00014,False
1741802196336,81960.67,0.00014,False
1741802196336,81960.67,0.00013,False
1741802196336,81960.67,7e-05,False
1741802196336,81960.67,0.0001,False
1741802196336,81961.0,7e-05,False
1741802196336,81961.0,7e-05,False
1741802196340,81961.69,7e-05,False
1741802196340,81961.69,7e-05,False
1741802196340,81961.69,7e-05,False
1741802196340,81961.69,7e-05,False
1741802196340,81961.69,7e-05,False
1741802196340,81961.69,7e-05,False
1741802196340,81961.69,0.0001,False
1741802196340,81961.82,7e-05,False
1741802196340,81961.98,7e-05,False
1741802196340,81963.98,9e-05,False
1741802196340,81963.98,7e-05,False
1741802196418,81964.28,0.00085,True
1741802196534,81964.29,7e-05,False
1741802196534,81964.29,0.00014,False
1741802196534,81964.29,7e-05,False
1741802196534,81964.29,7e-05,False
1741802196534,81964.29,0.00106,False
1741802196992,81964.29,0.00064,False
1741802196992,81964.29,0.00101,False
1741802196992,81964.29,7e-05,False
1741802196992,81964.29,7e-05,False
1741802196992,81964.29,7e-05,False
1741802196992,81964.29,0.0007,False
1741802197389,81964.28,0.00122,True
1741802197396,81964.28,0.00013,True
1741802197551,81964.29,0.00278,False
1741802197551,81964.29,0.00232,False
1741802197552,81964.29,0.00097,False
1741802197552,81964.29,0.00097,False
1741802197623,81964.29,0.01166,False
1741802197623,81964.29,0.0004,False
1741802197733,81964.28,0.11083,True
1741802197733,81964.28,0.37911,True
1741802197733,81964.28,0.01242,True
1741802197733,81964.28,0.00013,True
1741802197733,81964.28,0.1,True
1741802197733,81964.28,0.13911,True
1741802197733,81964.28,0.00027,True
1741802197733,81964.28,7e-05,True
1741802197733,81964.28,0.01564,True
1741802197733,81964.28,0.06228,True
1741802197733,81964.28,0.04419,True
1741802197733,81964.28,0.2558,True
1741802197733,81964.28,0.45,True
1741802197733,81964.28,0.45,True
1741802197733,81964.28,0.0533,True
1741802197733,81964.28,0.03015,True
1741802197733,81964.28,0.05966,True
1741802197733,81964.28,0.0001,True
1741802197733,81964.27,0.00013,True
1741802197733,81964.27,0.00014,True
1741802197733,81964.27,0.00013,True
1741802197733,81964.27,7e-05,True
1741802197733,81964.2,0.00023,True
1741802197733,81964.2,0.00023,True
1741802197733,81964.2,7e-05,True
1741802197733,81964.19,7e-05,True
1741802197733,81964.01,7e-05,True
1741802197733,81964.0,7e-05,True
1741802197733,81963.99,7e-05,True
1741802197733,81963.73,7e-05,True
1741802197733,81963.73,7e-05,True
1741802197733,81963.72,0.01082,True
1741802197733,81963.72,0.02596,True
1741802197733,81963.64,7e-05,True
1741802197733,81963.63,7e-05,True
1741802197733,81963.62,0.80538,True
1741802197733,81962.29,0.00024,True
1741802197733,81962.0,0.0835,True
1741802197733,81961.22,0.24734,True
1741802197836,81960.67,8e-05,False
1741802198370,81960.66,0.80635,True
1741802198370,81960.66,0.02736,True
1741802198370,81960.66,0.00026,True
1741802198370,81960.66,8e-05,True
1741802198370,81960.66,7e-05,True
1741802198370,81960.66,0.45,True
1741802198370,81960.66,0.07311,True
1741802198370,81960.66,0.24575,True
1741802198627,81960.67,0.00021,False
1741802198748,81960.67,0.00104,False
1741802198872,81960.67,0.00233,False
1741802199000,81960.66,0.00013,True
1741802199000,81960.66,0.00091,True
1741802199000,81960.66,0.00027,True
1741802199000,81960.66,0.0001,True
1741802199000,81960.66,7e-05,True
1741802199000,81960.66,0.0001,True
1741802199000,81960.66,0.00422,True
1741802199183,81960.67,0.0001,False
1741802200044,81960.67,0.00024,False
1741802200353,81960.66,0.0001,True
1741802200353,81960.66,7e-05,True
1741802200353,81960.66,0.00014,True
1741802200353,81960.66,0.00013,True
1741802200353,81960.66,0.00056,True
1741802200434,81960.66,0.0001,True
1741802200434,81960.66,0.0001,True
1741802200434,81960.66,0.0001,True
1741802200434,81960.66,7e-05,True
1741802200434,81960.66,0.01564,True
1741802200434,81960.66,0.00013,True
1741802200434,81960.66,0.00017,True
1741802200434,81960.66,0.00017,True
1741802200434,81960.66,8e-05,True
1741802200434,81960.65,0.00013,True
1741802200434,81960.65,7e-05,True
1741802200434,81960.65,0.00014,True
1741802200434,81960.65,0.00013,True
1741802200434,81960.65,7e-05,True
1741802200434,81960.65,9e-05,True
1741802200434,81960.65,0.0001,True
1741802200469,81960.64,0.00041,True
1741802200469,81960.64,0.0001,True
1741802200469,81960.64,0.0001,True
1741802200469,81960.64,0.0001,True
1741802200469,81960.64,7e-05,True
1741802200469,81960.63,0.0001,True
1741802200469,81960.63,7e-05,True
1741802200469,81960.63,0.00013,True
1741802200469,81960.19,7e-05,True
1741802200469,81960.18,7e-05,True
1741802200469,81960.18,7e-05,True
1741802200469,81960.17,7e-05,True
1741802200469,81960.01,7e-05,True
1741802200469,81960.0,7e-05,True
1741802200469,81959.36,7e-05,True
1741802200469,81959.36,7e-05,True
1741802200469,81958.67,0.00018,True
1741802200469,81958.31,8e-05,True
1741802200469,81957.71,7e-05,True
1741802200469,81956.91,7e-05,True
1741802200469,81956.91,0.00019,True
1741802200469,81956.91,0.00019,True
1741802200469,81956.91,0.0003,True
1741802200615,81956.9,7e-05,True
1741802200615,81956.9,0.00101,True
1741802200615,81956.9,0.00301,True
1741802200615,81956.9,0.0001,True
1741802200615,81956.9,0.0001,True
1741802200615,81956.9,0.0001,True
1741802200615,81956.9,0.00013,True
1741802200615,81956.89,0.00018,True
1741802200615,81956.89,7e-05,True
1741802200615,81956.89,0.0001,True
1741802200615,81956.89,0.00013,True
1741802200615,81956.89,0.00013,True
1741802200615,81955.65,0.00015,True
1741802200615,81955.65,7e-05,True
