timestamp,price,volume,is_ask
1741445905679,86335.93,0.0002,False
1741445906048,86335.93,0.00103,False
1741445907295,86335.92,0.00087,True
1741445907401,86335.93,0.00067,False
1741445907466,86335.92,0.00189,True
1741445908215,86335.93,9e-05,False
1741445908704,86335.93,0.0001,False
1741445909314,86335.93,0.00983,False
1741445909414,86335.93,6e-05,False
1741445909414,86335.93,6e-05,False
1741445909414,86335.93,7e-05,False
1741445909414,86335.93,6e-05,False
1741445909414,86335.93,6e-05,False
1741445909414,86335.93,6e-05,False
1741445909414,86335.93,6e-05,False
1741445909414,86335.93,7e-05,False
1741445909414,86335.93,0.00014,False
1741445909414,86335.93,0.00241,False
1741445909414,86335.93,0.00022,False
1741445909414,86335.93,6e-05,False
1741445909414,86335.93,7e-05,False
1741445909414,86335.93,6e-05,False
1741445909414,86335.94,0.01502,False
1741445909414,86335.94,6e-05,False
1741445909414,86335.94,6e-05,False
1741445909414,86335.94,0.00161,False
1741445909414,86335.94,6e-05,False
1741445909414,86335.94,6e-05,False
1741445909414,86335.97,0.00014,False
1741445909414,86335.97,6e-05,False
1741445909414,86335.97,6e-05,False
1741445909414,86335.99,6e-05,False
1741445909414,86335.99,6e-05,False
1741445909414,86336.0,0.0001,False
1741445909414,86336.0,6e-05,False
1741445909414,86336.0,6e-05,False
1741445909414,86336.01,6e-05,False
1741445909414,86336.02,6e-05,False
1741445909414,86336.02,0.00013,False
1741445909414,86336.03,6e-05,False
1741445909414,86336.51,0.00013,False
1741445909414,86336.52,7e-05,False
1741445909414,86336.52,7e-05,False
1741445909414,86336.52,7e-05,False
1741445909414,86336.53,0.01899,False
1741445909414,86336.53,6e-05,False
1741445909414,86336.53,6e-05,False
1741445909414,86336.68,7e-05,False
1741445909414,86336.68,7e-05,False
1741445909414,86336.68,7e-05,False
1741445909414,86336.69,0.01656,False
1741445909414,86336.69,6e-05,False
1741445909414,86336.69,6e-05,False
1741445909414,86336.8,7e-05,False
1741445909414,86336.84,0.00118,False
1741445909414,86337.64,0.00011,False
1741445909414,86337.65,7e-05,False
1741445909414,86337.65,9e-05,False
1741445909414,86337.65,9e-05,False
1741445909414,86337.65,9e-05,False
1741445909414,86337.65,7e-05,False
1741445909414,86337.65,7e-05,False
1741445909427,86337.66,6e-05,False
1741445909427,86337.66,6e-05,False
1741445909427,86337.66,6e-05,False
1741445909427,86337.66,6e-05,False
1741445909427,86337.66,6e-05,False
1741445909427,86337.66,6e-05,False
1741445909427,86337.66,6e-05,False
1741445909427,86337.66,6e-05,False
1741445909427,86337.66,7e-05,False
1741445909427,86337.66,6e-05,False
1741445909427,86337.66,7e-05,False
1741445909427,86337.67,0.00032,False
1741445910202,86337.66,0.00158,True
1741445910570,86337.66,0.00112,True
1741445910891,86337.67,6e-05,False
1741445910891,86337.67,6e-05,False
1741445910891,86337.67,6e-05,False
1741445910891,86337.67,6e-05,False
1741445910891,86337.67,0.00014,False
1741445910891,86337.67,6e-05,False
1741445910891,86337.67,6e-05,False
1741445910891,86337.67,0.00053,False
1741445910891,86337.67,6e-05,False
1741445910891,86337.67,6e-05,False
1741445910891,86337.67,6e-05,False
1741445910891,86337.67,6e-05,False
1741445910891,86337.68,6e-05,False
1741445910891,86337.68,6e-05,False
1741445910891,86337.68,9e-05,False
1741445910891,86337.68,0.00052,False
1741445910891,86337.69,6e-05,False
1741445910891,86337.69,6e-05,False
1741445910891,86337.71,6e-05,False
1741445910891,86337.71,6e-05,False
1741445910891,86337.72,0.00014,False
1741445910891,86337.72,6e-05,False
1741445910891,86337.72,6e-05,False
1741445910891,86337.77,7e-05,False
1741445910891,86337.77,7e-05,False
1741445910891,86337.77,6e-05,False
1741445910891,86337.77,7e-05,False
1741445910891,86337.78,7e-05,False
1741445910891,86337.78,7e-05,False
1741445910891,86337.78,6e-05,False
1741445910891,86337.78,0.0015,False
1741445910891,86337.78,0.00014,False
1741445910891,86337.78,7e-05,False
1741445910891,86337.79,0.00854,False
1741445910891,86337.79,6e-05,False
1741445910891,86337.83,0.00014,False
1741445910891,86338.8,0.001,False
1741445910891,86339.0,7e-05,False
1741445910891,86339.0,7e-05,False
1741445910891,86339.0,7e-05,False
1741445910891,86339.01,0.02003,False
1741445910891,86339.01,6e-05,False
1741445910891,86339.01,7e-05,False
1741445910891,86339.01,7e-05,False
1741445910891,86339.01,6e-05,False
1741445910891,86339.01,7e-05,False
1741445910891,86339.02,0.00795,False
1741445910891,86339.3,7e-05,False
1741445910891,86339.31,0.01255,False
1741445910891,86339.31,6e-05,False
1741445910891,86339.31,6e-05,False
1741445910891,86339.55,0.00223,False
1741445910919,86339.55,0.0101,False
1741445911130,86339.54,0.0015,True
1741445911250,86339.55,0.00139,False
1741445911276,86339.55,0.00139,False
1741445911534,86339.54,0.01158,True
1741445911559,86339.54,0.00173,True
1741445911698,86339.55,0.00462,False
1741445911698,86339.55,6e-05,False
1741445911698,86339.55,0.00946,False
1741445911741,86339.54,0.00018,True
1741445912560,86339.55,7e-05,False
1741445912733,86339.54,0.00012,True
1741445913065,86339.55,0.00011,False
1741445913142,86339.55,0.00154,False
1741445913142,86339.55,0.02131,False
1741445913142,86339.55,6e-05,False
1741445913142,86339.55,6e-05,False
1741445913142,86339.55,6e-05,False
1741445913142,86339.55,6e-05,False
1741445913142,86339.55,0.00013,False
1741445913147,86339.55,0.00058,False
1741445913177,86339.55,0.00013,False
1741445913584,86339.55,0.02322,False
1741445913628,86339.55,0.00165,False
1741445914021,86339.55,0.02019,False
1741445914038,86339.55,0.02322,False
1741445914043,86339.55,0.00014,False
1741445914043,86339.55,6e-05,False
1741445914043,86339.55,7e-05,False
1741445914043,86339.55,6e-05,False
1741445914043,86339.55,6e-05,False
1741445914043,86339.55,6e-05,False
1741445914043,86339.55,6e-05,False
1741445914043,86339.55,6e-05,False
1741445914043,86339.55,6e-05,False
1741445914043,86339.56,9e-05,False
1741445914043,86339.56,6e-05,False
1741445914043,86339.56,6e-05,False
1741445914043,86339.57,6e-05,False
1741445914043,86339.57,6e-05,False
1741445914043,86339.59,0.00014,False
1741445914043,86339.59,6e-05,False
1741445914043,86339.59,6e-05,False
1741445914043,86339.6,6e-05,False
1741445914043,86339.6,6e-05,False
1741445914043,86339.61,6e-05,False
1741445914043,86339.62,6e-05,False
1741445914043,86339.64,6e-05,False
1741445914043,86339.65,0.00014,False
1741445914043,86339.98,6e-05,False
1741445914043,86339.99,7e-05,False
1741445914043,86339.99,7e-05,False
1741445914043,86339.99,0.00011,False
1741445914043,86339.99,0.00011,False
1741445914043,86339.99,0.00011,False
1741445914043,86339.99,7e-05,False
1741445914061,86340.0,0.0001,False
1741445914061,86340.0,6e-05,False
1741445914061,86340.0,6e-05,False
1741445914061,86340.0,6e-05,False
1741445914061,86340.0,6e-05,False
1741445914061,86340.0,6e-05,False
1741445914061,86340.0,6e-05,False
1741445914061,86340.0,6e-05,False
1741445914061,86340.0,6e-05,False
1741445914061,86340.06,7e-05,False
1741445914061,86340.06,7e-05,False
1741445914061,86340.06,6e-05,False
1741445914061,86340.06,6e-05,False
1741445914061,86340.06,7e-05,False
1741445914061,86340.07,0.00789,False
1741445914061,86340.07,6e-05,False
1741445914061,86340.07,6e-05,False
1741445914061,86340.55,7e-05,False
1741445914061,86340.55,7e-05,False
1741445914061,86340.55,6e-05,False
1741445914061,86340.55,6e-05,False
1741445914061,86340.55,7e-05,False
1741445914061,86340.56,0.02099,False
1741445914061,86340.56,6e-05,False
1741445914061,86340.56,6e-05,False
1741445914061,86340.56,6e-05,False
1741445914061,86340.56,6e-05,False
1741445914061,86340.72,7e-05,False
1741445914061,86340.72,7e-05,False
1741445914061,86340.72,6e-05,False
1741445914061,86340.72,7e-05,False
1741445914061,86340.73,0.10838,False
1741445914061,86340.73,6e-05,False
1741445914061,86340.73,6e-05,False
1741445914061,86340.73,6e-05,False
1741445914061,86341.64,7e-05,False
1741445914061,86341.64,6e-05,False
1741445914061,86341.65,0.00016,False
1741445914061,86342.0,0.0223,False
1741445914061,86342.0,6e-05,False
1741445914061,86342.0,6e-05,False
1741445914061,86342.21,7e-05,False
1741445914061,86342.77,0.01337,False
1741445914061,86342.77,6e-05,False
1741445914061,86342.77,6e-05,False
1741445914061,86343.01,0.01154,False
1741445914061,86343.14,0.00118,False
1741445914061,86343.65,0.01788,False
1741445914061,86343.65,6e-05,False
1741445914061,86343.65,6e-05,False
1741445914061,86344.0,0.0001,False
1741445914061,86344.0,0.0223,False
1741445914061,86344.0,6e-05,False
1741445914061,86344.0,6e-05,False
1741445914061,86344.47,0.00751,False
1741445914061,86344.68,0.02136,False
1741445914061,86344.94,0.00946,False
1741445914061,86345.75,0.00028,False
1741445914061,86346.39,0.00012,False
1741445914061,86346.56,7e-05,False
1741445914061,86346.62,0.01444,False
1741445914061,86346.65,0.12092,False
1741445914061,86347.34,0.02162,False
1741445914061,86347.39,0.00855,False
1741445914064,86347.39,7e-05,False
1741445914064,86347.39,0.00267,False
1741445914064,86347.39,6e-05,False
1741445914064,86347.39,0.00057,False
1741445914095,86347.39,6e-05,False
1741445914095,86347.39,6e-05,False
1741445914095,86347.39,6e-05,False
1741445914095,86347.39,6e-05,False
1741445914095,86347.39,6e-05,False
1741445914095,86347.39,6e-05,False
1741445914095,86347.39,6e-05,False
1741445914095,86347.39,6e-05,False
1741445914095,86347.39,6e-05,False
1741445914095,86347.39,6e-05,False
1741445914095,86347.39,6e-05,False
1741445914095,86347.39,6e-05,False
1741445914095,86347.39,6e-05,False
1741445914095,86347.39,6e-05,False
1741445914095,86347.39,6e-05,False
1741445914095,86347.39,6e-05,False
1741445914095,86347.41,0.00039,False
1741445914095,86347.41,6e-05,False
1741445914095,86347.41,6e-05,False
1741445914095,86347.66,0.00067,False
1741445914095,86347.72,7e-05,False
1741445914095,86347.72,7e-05,False
1741445914095,86347.72,7e-05,False
1741445914095,86347.73,0.00039,False
1741445914095,86347.73,0.00039,False
1741445914095,86347.73,0.00045,False
1741445914095,86347.73,0.00039,False
1741445914095,86347.73,0.00011,False
1741445914095,86347.73,6e-05,False
1741445914095,86347.73,6e-05,False
1741445914095,86347.73,0.00054,False
1741445914116,86347.74,6e-05,False
1741445914116,86347.74,6e-05,False
1741445914116,86347.74,6e-05,False
1741445914116,86347.74,6e-05,False
1741445914116,86347.74,6e-05,False
1741445914116,86347.74,6e-05,False
1741445914116,86347.74,6e-05,False
1741445914116,86347.74,6e-05,False
1741445914116,86347.95,9e-05,False
1741445914116,86347.95,6e-05,False
1741445914116,86347.95,6e-05,False
1741445914116,86347.99,7e-05,False
1741445914116,86347.99,7e-05,False
1741445914116,86347.99,6e-05,False
1741445914116,86347.99,6e-05,False
1741445914116,86347.99,7e-05,False
1741445914116,86348.0,0.0001,False
1741445914116,86348.0,0.01288,False
1741445914116,86348.0,0.0223,False
1741445914116,86348.0,6e-05,False
1741445914116,86348.0,6e-05,False
1741445914116,86348.0,6e-05,False
1741445914116,86348.0,6e-05,False
1741445914116,86348.05,7e-05,False
1741445914116,86348.05,7e-05,False
1741445914116,86348.05,6e-05,False
1741445914116,86348.05,6e-05,False
1741445914116,86348.05,7e-05,False
1741445914116,86348.06,0.00877,False
1741445914116,86348.06,6e-05,False
1741445914116,86348.1,7e-05,False
1741445914116,86348.1,7e-05,False
1741445914116,86348.1,6e-05,False
1741445914116,86348.1,7e-05,False
1741445914121,86348.1,0.00015,True
1741445914155,86348.1,0.00014,True
1741445914206,86348.11,6e-05,False
1741445914206,86348.11,6e-05,False
1741445914206,86348.11,6e-05,False
1741445914206,86348.11,6e-05,False
1741445914206,86348.11,6e-05,False
1741445914206,86348.11,0.00013,False
1741445914206,86348.11,6e-05,False
1741445914206,86348.11,6e-05,False
1741445914206,86348.11,6e-05,False
1741445914206,86348.15,0.00013,False
1741445914206,86348.15,6e-05,False
1741445914206,86348.15,6e-05,False
1741445914206,86348.26,0.00014,False
1741445914206,86348.26,6e-05,False
1741445914206,86348.26,4e-05,False
1741445914486,86348.26,2e-05,False
1741445914486,86348.26,6e-05,False
1741445914486,86348.26,6e-05,False
1741445914486,86348.26,6e-05,False
1741445914486,86348.26,6e-05,False
1741445914486,86348.26,6e-05,False
1741445914486,86348.26,6e-05,False
1741445914486,86348.26,6e-05,False
1741445914486,86348.26,6e-05,False
1741445914486,86348.26,0.00014,False
1741445914486,86348.26,6e-05,False
1741445914486,86348.26,6e-05,False
1741445914486,86348.31,0.00014,False
1741445914486,86348.31,6e-05,False
1741445914486,86348.31,6e-05,False
1741445914486,86348.37,0.00014,False
1741445914486,86348.37,6e-05,False
1741445914486,86348.37,6e-05,False
1741445914486,86348.42,0.00014,False
1741445914486,86348.42,6e-05,False
1741445914486,86348.42,6e-05,False
1741445914486,86348.57,7e-05,False
1741445914486,86348.57,7e-05,False
1741445914486,86348.57,6e-05,False
1741445914486,86348.57,6e-05,False
1741445914486,86348.57,7e-05,False
1741445914486,86348.58,0.0116,False
1741445914486,86348.58,6e-05,False
1741445914486,86348.58,6e-05,False
1741445914486,86348.58,6e-05,False
1741445914486,86348.84,7e-05,False
1741445914486,86348.84,7e-05,False
1741445914486,86348.84,6e-05,False
1741445914486,86348.84,7e-05,False
1741445914486,86348.85,0.0093,False
1741445914489,86348.85,0.00165,False
1741445914489,86348.85,6e-05,False
1741445914489,86348.85,6e-05,False
1741445914489,86348.87,8e-05,False
1741445914489,86349.44,0.00118,False
1741445914489,86349.45,7e-05,False
1741445914489,86349.45,7e-05,False
1741445914489,86349.45,7e-05,False
1741445914591,86349.45,0.00231,True
1741445914714,86349.46,0.00029,False
1741445914749,86349.45,0.00706,True
1741445914891,86349.46,0.00057,False
1741445914929,86349.46,0.00931,False
1741445914929,86349.46,6e-05,False
1741445914929,86349.46,6e-05,False
1741445914929,86349.46,6e-05,False
1741445914929,86349.46,6e-05,False
1741445914929,86349.46,0.00013,False
1741445914929,86349.46,6e-05,False
1741445914929,86349.46,6e-05,False
1741445914929,86349.46,6e-05,False
1741445914929,86349.46,6e-05,False
1741445914929,86349.51,0.00013,False
1741445914929,86349.51,6e-05,False
1741445914929,86349.51,6e-05,False
1741445914929,86349.57,0.00013,False
1741445914929,86349.57,6e-05,False
1741445914929,86349.57,6e-05,False
1741445914929,86349.62,0.00013,False
1741445914929,86349.62,6e-05,False
1741445914929,86349.62,6e-05,False
1741445914929,86349.65,0.0001,False
1741445914929,86349.65,0.0001,False
1741445914929,86349.65,0.0001,False
1741445914929,86349.65,6e-05,False
1741445914929,86349.65,6e-05,False
1741445914929,86349.66,7e-05,False
1741445914929,86349.66,7e-05,False
1741445914929,86349.66,6e-05,False
1741445914929,86349.66,7e-05,False
1741445914929,86349.67,0.01186,False
1741445914948,86349.67,0.00426,False
1741445914948,86349.67,6e-05,False
1741445914948,86349.67,6e-05,False
1741445914948,86349.67,6e-05,False
1741445914948,86349.67,6e-05,False
1741445914948,86349.67,6e-05,False
1741445914948,86349.67,6e-05,False
1741445914948,86349.67,6e-05,False
1741445914948,86349.67,6e-05,False
1741445914948,86349.68,0.00017,False
1741445914948,86349.68,6e-05,False
1741445914948,86349.68,6e-05,False
1741445914948,86349.75,7e-05,False
1741445914948,86349.75,7e-05,False
1741445914948,86349.75,6e-05,False
1741445914948,86349.75,6e-05,False
1741445914948,86349.75,7e-05,False
1741445914948,86349.76,0.00998,False
1741445914948,86349.76,6e-05,False
1741445914948,86349.76,6e-05,False
1741445914948,86350.0,0.00011,False
1741445914948,86350.0,6e-05,False
1741445914948,86350.0,6e-05,False
1741445914948,86350.18,7e-05,False
1741445914948,86350.18,7e-05,False
1741445914948,86350.18,6e-05,False
1741445914948,86350.18,7e-05,False
1741445914948,86350.19,0.01951,False
1741445914948,86350.19,6e-05,False
1741445914948,86350.19,6e-05,False
1741445914948,86350.19,6e-05,False
1741445914948,86351.45,9e-05,False
1741445914948,86351.45,9e-05,False
1741445914948,86351.45,9e-05,False
1741445914948,86351.45,6e-05,False
1741445914948,86351.48,0.00018,False
1741445914948,86351.92,7e-05,False
1741445914948,86351.92,7e-05,False
1741445914948,86351.92,7e-05,False
1741445914948,86351.93,0.0072,False
1741445914948,86351.99,7e-05,False
1741445914948,86351.99,7e-05,False
1741445914948,86351.99,7e-05,False
1741445914948,86352.0,0.0001,False
1741445914948,86352.0,0.002,False
1741445914948,86352.0,0.0223,False
1741445914948,86352.0,6e-05,False
1741445914948,86352.0,6e-05,False
1741445914948,86352.44,0.00949,False
1741445914948,86352.53,7e-05,False
1741445915376,86352.54,0.02322,False
1741445915814,86352.54,0.02322,False
1741445915878,86352.53,0.00295,True
1741445915897,86352.54,5e-05,False
1741445916003,86352.53,0.00583,True
1741445916183,86352.53,0.00058,True
1741445916184,86352.54,0.00037,False
1741445916266,86352.54,0.02322,False
1741445916337,86352.54,6e-05,False
1741445916337,86352.54,6e-05,False
1741445916337,86352.54,0.00014,False
1741445916337,86352.54,6e-05,False
1741445916337,86352.54,6e-05,False
1741445916337,86352.54,6e-05,False
1741445916337,86352.54,6e-05,False
1741445916337,86352.54,6e-05,False
1741445916337,86352.54,6e-05,False
1741445916337,86352.55,0.00018,False
1741445916337,86352.55,6e-05,False
1741445916337,86352.55,6e-05,False
1741445916337,86352.56,6e-05,False
1741445916337,86352.56,6e-05,False
1741445916337,86352.59,0.00013,False
1741445916337,86352.59,6e-05,False
1741445916337,86352.59,6e-05,False
1741445916337,86352.64,6e-05,False
1741445916337,86352.64,6e-05,False
1741445916337,86352.68,0.00014,False
1741445916337,86352.68,6e-05,False
1741445916337,86353.0,7e-05,False
1741445916337,86353.0,7e-05,False
1741445916337,86353.0,6e-05,False
1741445916337,86353.0,7e-05,False
1741445916337,86353.0,7e-05,False
1741445916337,86353.0,7e-05,False
1741445916620,86353.0,7e-05,False
1741445916620,86353.0,6e-05,False
1741445916620,86353.0,6e-05,False
1741445916620,86353.0,6e-05,False
1741445916620,86353.0,6e-05,False
1741445916620,86353.0,6e-05,False
1741445916620,86353.0,7e-05,False
1741445916620,86353.0,6e-05,False
1741445916620,86353.0,6e-05,False
1741445916620,86353.0,0.00013,False
1741445916620,86353.0,6e-05,False
1741445916620,86353.0,6e-05,False
1741445916620,86353.0,0.00092,False
1741445916709,86353.0,0.02321,False
1741445917021,86353.0,0.00085,False
1741445917152,86353.0,0.01912,False
1741445917152,86353.0,6e-05,False
1741445917152,86353.0,0.00403,False
1741445917594,86353.0,0.02321,False
1741445917662,86353.0,0.00314,False
1741445918030,86353.0,7e-05,False
1741445918030,86353.0,6e-05,False
1741445918030,86353.0,6e-05,False
1741445918030,86353.0,7e-05,False
1741445918030,86353.0,6e-05,False
1741445918030,86353.0,6e-05,False
1741445918030,86353.0,6e-05,False
1741445918030,86353.0,6e-05,False
1741445918030,86353.0,0.00013,False
1741445918030,86353.0,6e-05,False
1741445918030,86353.0,6e-05,False
1741445918030,86353.0,0.00014,False
1741445918030,86353.0,6e-05,False
1741445918030,86353.0,0.02226,False
1741445918178,86353.0,0.00629,False
1741445918385,86353.0,0.01555,False
1741445918385,86353.0,0.025,False
1741445918385,86353.0,0.05945,False
1741445918472,86353.0,0.02321,False
1741445918914,86353.0,7e-05,False
1741445918914,86353.0,6e-05,False
1741445918914,86353.0,6e-05,False
1741445918914,86353.0,6e-05,False
1741445918914,86353.0,7e-05,False
1741445918914,86353.0,6e-05,False
1741445918914,86353.0,6e-05,False
1741445918914,86353.0,6e-05,False
1741445918914,86353.0,0.00014,False
1741445918914,86353.0,6e-05,False
1741445918914,86353.0,6e-05,False
1741445918914,86353.0,6e-05,False
1741445918914,86353.0,7e-05,False
1741445918914,86353.0,6e-05,False
1741445918914,86353.01,0.02204,False
1741445918914,86353.01,6e-05,False
1741445918914,86353.01,6e-05,False
1741445918914,86353.01,6e-05,False
1741445918914,86353.01,4e-05,False
1741445918916,86353.01,2e-05,False
1741445918916,86353.05,6e-05,False
1741445918916,86353.05,6e-05,False
1741445918916,86353.05,6e-05,False
1741445918916,86353.05,6e-05,False
1741445918916,86353.06,0.00013,False
1741445918916,86353.06,6e-05,False
1741445918916,86353.06,6e-05,False
1741445918916,86353.09,6e-05,False
1741445918916,86353.09,6e-05,False
1741445918916,86353.1,6e-05,False
1741445918916,86353.11,0.00014,False
1741445918916,86353.11,6e-05,False
1741445918916,86353.12,6e-05,False
1741445918916,86353.13,7e-05,False
1741445918916,86353.13,7e-05,False
1741445918916,86353.13,7e-05,False
1741445919273,86353.14,0.00139,False
1741445919356,86353.14,0.02321,False
1741445919803,86353.14,0.00017,False
1741445919803,86353.14,6e-05,False
1741445919803,86353.14,6e-05,False
1741445919803,86353.14,6e-05,False
1741445919803,86353.14,6e-05,False
1741445919803,86353.14,6e-05,False
1741445919803,86353.14,0.02274,False
1741445920248,86353.14,0.02321,False
1741445920408,86353.14,0.00013,False
1741445920408,86353.14,6e-05,False
1741445920408,86353.14,6e-05,False
1741445920408,86353.14,6e-05,False
1741445920408,86353.14,6e-05,False
1741445920408,86353.14,6e-05,False
1741445920408,86353.14,6e-05,False
1741445920408,86353.14,6e-05,False
1741445920408,86353.14,0.00132,False
1741445920408,86353.16,6e-05,False
1741445920408,86353.16,6e-05,False
1741445920408,86353.19,0.00013,False
1741445920408,86353.19,6e-05,False
1741445920408,86353.19,6e-05,False
1741445920408,86353.21,7e-05,False
1741445920408,86353.21,7e-05,False
1741445920408,86353.21,6e-05,False
1741445920408,86353.21,6e-05,False
1741445920408,86353.21,0.00013,False
1741445920408,86353.21,7e-05,False
1741445920412,86353.22,0.00847,False
1741445920412,86353.22,6e-05,False
1741445920412,86353.22,6e-05,False
1741445920412,86353.22,6e-05,False
1741445920412,86353.22,6e-05,False
1741445920412,86353.22,6e-05,False
1741445920412,86353.22,6e-05,False
1741445920412,86353.23,6e-05,False
1741445920412,86353.23,6e-05,False
1741445920412,86353.24,6e-05,False
1741445920412,86353.24,6e-05,False
1741445920690,86353.55,7e-05,False
1741445920690,86353.55,7e-05,False
1741445920690,86353.55,6e-05,False
1741445920690,86353.55,6e-05,False
1741445920690,86353.55,6e-05,False
1741445920690,86353.55,6e-05,False
1741445920690,86353.55,6e-05,False
1741445920690,86353.55,6e-05,False
1741445920690,86353.55,0.00014,False
1741445920690,86353.55,7e-05,False
1741445920690,86353.56,0.00398,False
1741445920690,86353.56,6e-05,False
1741445920690,86353.56,6e-05,False
1741445920690,86353.6,7e-05,False
1741445920690,86353.6,7e-05,False
1741445920690,86353.6,6e-05,False
1741445920690,86353.6,6e-05,False
1741445920690,86353.6,0.00013,False
1741445920690,86353.6,7e-05,False
1741445920690,86353.61,0.01132,False
1741445920690,86353.61,6e-05,False
1741445920690,86353.61,6e-05,False
1741445920690,86353.62,7e-05,False
1741445920690,86353.62,7e-05,False
1741445920690,86353.62,6e-05,False
1741445920690,86353.62,6e-05,False
1741445920690,86353.62,7e-05,False
1741445920690,86353.63,0.00617,False
1741445920699,86353.63,0.00332,False
1741445920699,86353.63,6e-05,False
1741445920699,86353.63,6e-05,False
1741445920699,86353.63,6e-05,False
1741445920699,86353.63,6e-05,False
1741445920699,86353.63,6e-05,False
1741445920699,86353.63,6e-05,False
1741445920699,86353.63,6e-05,False
1741445920699,86353.63,6e-05,False
1741445920699,86353.63,6e-05,False
1741445920699,86353.63,6e-05,False
1741445920699,86353.64,6e-05,False
1741445920699,86353.64,6e-05,False
1741445920699,86353.64,6e-05,False
1741445920699,86353.66,0.00014,False
1741445920699,86353.66,6e-05,False
1741445920699,86353.66,6e-05,False
1741445920699,86353.71,0.00014,False
1741445920699,86353.71,6e-05,False
1741445920699,86353.71,6e-05,False
1741445920699,86354.03,7e-05,False
1741445920699,86354.03,7e-05,False
1741445920699,86354.03,9e-05,False
1741445920699,86354.03,6e-05,False
1741445920699,86354.03,6e-05,False
1741445920699,86354.03,7e-05,False
1741445920699,86354.04,0.00598,False
1741445920699,86354.04,6e-05,False
1741445920699,86354.11,7e-05,False
1741445920699,86354.11,6e-05,False
1741445920699,86354.11,6e-05,False
1741445920699,86354.11,6e-05,False
1741445920699,86354.11,7e-05,False
1741445920699,86354.11,6e-05,False
1741445920699,86354.11,7e-05,False
1741445920699,86354.12,0.00822,False
1741445920699,86354.12,6e-05,False
1741445920699,86354.19,7e-05,False
1741445920699,86354.19,7e-05,False
1741445920699,86354.19,7e-05,False
1741445920699,86354.2,0.01694,False
1741445920699,86354.2,6e-05,False
1741445920699,86354.2,6e-05,False
1741445920699,86354.22,0.00241,False
1741445920701,86354.22,0.00125,False
1741445920701,86354.22,6e-05,False
1741445920701,86354.22,6e-05,False
1741445920701,86355.56,7e-05,False
1741445920701,86355.56,7e-05,False
1741445920716,86355.56,7e-05,False
1741445920716,86355.56,6e-05,False
1741445920716,86355.56,6e-05,False
1741445920716,86355.56,6e-05,False
1741445920716,86355.56,6e-05,False
1741445920716,86355.56,6e-05,False
1741445920716,86355.56,6e-05,False
1741445920716,86355.56,6e-05,False
1741445920716,86355.56,6e-05,False
1741445920716,86355.56,7e-05,False
1741445920716,86355.56,6e-05,False
1741445920716,86355.56,9e-05,False
1741445920716,86355.56,6e-05,False
1741445920716,86355.56,7e-05,False
1741445920716,86355.56,7e-05,False
1741445920716,86355.56,6e-05,False
1741445920716,86355.56,7e-05,False
1741445920716,86355.56,6e-05,False
1741445920716,86355.56,6e-05,False
1741445920716,86355.56,7e-05,False
1741445920716,86355.57,0.00906,False
1741445920716,86355.57,0.001,False
1741445920716,86355.57,6e-05,False
1741445920716,86355.57,6e-05,False
1741445920716,86355.74,0.00118,False
1741445920716,86355.74,6e-05,False
1741445920716,86355.74,6e-05,False
1741445920716,86355.99,7e-05,False
1741445920716,86355.99,7e-05,False
1741445920716,86355.99,6e-05,False
1741445920716,86355.99,6e-05,False
1741445920716,86355.99,7e-05,False
1741445920716,86356.0,0.0001,False
1741445920716,86356.0,0.002,False
1741445920716,86356.0,0.001,False
1741445920716,86356.0,6e-05,False
1741445920716,86356.0,6e-05,False
1741445920716,86356.31,7e-05,False
1741445920716,86356.31,7e-05,False
1741445920716,86356.31,6e-05,False
1741445920716,86356.31,7e-05,False
1741445920716,86356.32,0.00609,False
1741445920716,86356.32,6e-05,False
1741445920716,86357.09,7e-05,False
1741445920716,86357.09,7e-05,False
1741445920716,86357.09,6e-05,False
1741445920716,86357.09,7e-05,False
1741445920973,86357.1,0.10394,False
1741445920973,86357.1,6e-05,False
1741445920973,86357.1,6e-05,False
1741445920973,86357.1,6e-05,False
1741445920973,86357.1,6e-05,False
1741445920973,86357.1,0.00014,False
1741445920973,86357.1,6e-05,False
1741445920973,86357.1,8e-05,False
1741445920973,86357.1,6e-05,False
1741445920973,86357.1,6e-05,False
1741445920973,86357.1,6e-05,False
1741445920973,86357.11,6e-05,False
1741445920973,86357.11,6e-05,False
1741445920973,86357.15,0.00014,False
1741445920973,86357.15,6e-05,False
1741445920973,86357.15,6e-05,False
1741445920973,86357.2,0.00013,False
1741445920973,86357.2,6e-05,False
1741445920973,86357.2,6e-05,False
1741445920973,86357.25,0.00013,False
1741445920973,86357.25,6e-05,False
1741445920973,86357.25,6e-05,False
1741445920973,86357.62,0.00012,False
1741445920973,86357.62,6e-05,False
1741445920973,86357.77,7e-05,False
1741445920973,86357.77,7e-05,False
1741445920973,86357.77,0.00011,False
1741445920973,86357.77,0.00017,False
1741445920973,86357.77,0.00011,False
1741445920973,86357.77,0.00011,False
1741445920973,86357.77,6e-05,False
1741445920973,86357.77,7e-05,False
1741445920973,86357.78,0.00741,False
1741445920973,86357.78,6e-05,False
1741445920973,86357.96,7e-05,False
1741445920973,86357.96,7e-05,False
1741445920973,86357.96,7e-05,False
1741445920973,86357.97,0.00388,False
1741445921003,86357.97,0.00944,False
1741445921003,86357.97,6e-05,False
1741445921003,86357.97,7e-05,False
1741445921003,86357.97,7e-05,False
1741445921003,86357.97,6e-05,False
1741445921003,86357.97,6e-05,False
1741445921003,86357.97,6e-05,False
1741445921003,86357.97,6e-05,False
1741445921003,86357.97,6e-05,False
1741445921003,86357.97,6e-05,False
1741445921003,86357.97,0.00013,False
1741445921003,86357.97,6e-05,False
1741445921003,86357.97,7e-05,False
1741445921003,86357.98,0.01468,False
1741445921003,86357.98,6e-05,False
1741445921003,86357.98,6e-05,False
1741445921003,86357.98,6e-05,False
1741445921003,86357.98,6e-05,False
1741445921003,86358.13,0.00014,False
1741445921003,86358.22,7e-05,False
1741445921003,86358.22,7e-05,False
1741445921003,86358.22,6e-05,False
1741445921003,86358.22,6e-05,False
1741445921003,86358.22,7e-05,False
1741445921003,86358.23,0.01555,False
1741445921003,86358.23,6e-05,False
1741445921003,86358.23,6e-05,False
1741445921003,86358.23,6e-05,False
1741445921003,86358.23,6e-05,False
1741445921003,86358.35,7e-05,False
1741445921003,86358.35,7e-05,False
1741445921003,86358.35,6e-05,False
1741445921003,86358.35,6e-05,False
1741445921003,86358.35,7e-05,False
1741445921003,86358.36,0.02364,False
1741445921003,86358.36,6e-05,False
1741445921003,86358.36,6e-05,False
1741445921003,86358.36,6e-05,False
1741445921003,86358.65,7e-05,False
1741445921003,86358.65,7e-05,False
1741445921003,86358.65,6e-05,False
1741445921003,86358.65,7e-05,False
1741445921003,86358.66,0.01793,False
1741445921003,86358.66,6e-05,False
1741445921003,86358.66,6e-05,False
1741445921003,86358.66,6e-05,False
1741445921003,86358.76,0.00804,False
1741445921003,86359.11,0.02281,False
1741445921003,86359.11,6e-05,False
1741445921003,86359.11,6e-05,False
1741445921003,86359.26,0.005,False
1741445921035,86359.26,0.01615,False
1741445921035,86359.26,6e-05,False
1741445921035,86359.26,6e-05,False
1741445921035,86359.26,6e-05,False
1741445921035,86359.26,6e-05,False
1741445921035,86359.26,6e-05,False
1741445921035,86359.26,6e-05,False
1741445921035,86359.26,0.00011,False
1741445921035,86359.26,6e-05,False
1741445921035,86359.26,6e-05,False
1741445921035,86359.27,6e-05,False
1741445921035,86359.27,6e-05,False
1741445921035,86359.29,7e-05,False
1741445921035,86359.29,6e-05,False
1741445921035,86359.29,6e-05,False
1741445921035,86359.31,0.00013,False
1741445921035,86359.31,6e-05,False
1741445921035,86359.31,6e-05,False
1741445921035,86359.6,7e-05,False
1741445921035,86359.6,7e-05,False
1741445921035,86359.6,9e-05,False
1741445921035,86359.6,9e-05,False
1741445921035,86359.6,9e-05,False
1741445921035,86359.6,6e-05,False
1741445921035,86359.6,6e-05,False
1741445921035,86359.6,7e-05,False
1741445921035,86359.61,0.02372,False
1741445921035,86359.61,6e-05,False
1741445921035,86359.61,6e-05,False
1741445921035,86359.61,6e-05,False
1741445921035,86359.67,7e-05,False
1741445921035,86359.67,7e-05,False
1741445921035,86359.67,6e-05,False
1741445921035,86359.67,7e-05,False
1741445921035,86359.68,0.00829,False
1741445921035,86359.68,6e-05,False
1741445921035,86359.96,0.00299,False
1741445921037,86359.96,1e-05,False
1741445921037,86359.96,6e-05,False
1741445921037,86359.96,6e-05,False
1741445921037,86359.99,7e-05,False
1741445921037,86359.99,7e-05,False
1741445921069,86359.99,7e-05,False
1741445921069,86359.99,6e-05,False
1741445921069,86359.99,6e-05,False
1741445921069,86359.99,6e-05,False
1741445921069,86359.99,6e-05,False
1741445921069,86359.99,6e-05,False
1741445921069,86359.99,6e-05,False
1741445921069,86359.99,6e-05,False
1741445921069,86359.99,7e-05,False
1741445921069,86359.99,6e-05,False
1741445921069,86359.99,6e-05,False
1741445921069,86359.99,7e-05,False
1741445921069,86360.0,0.0001,False
1741445921069,86360.0,0.002,False
1741445921069,86360.0,0.02309,False
1741445921106,86360.0,7e-05,False
1741445921106,86360.0,6e-05,False
1741445921106,86360.0,6e-05,False
1741445921106,86360.0,6e-05,False
1741445921106,86360.0,6e-05,False
1741445921106,86360.0,6e-05,False
1741445921106,86360.0,6e-05,False
1741445921106,86360.0,6e-05,False
1741445921106,86360.0,6e-05,False
1741445921106,86360.11,0.00013,False
1741445921106,86360.19,0.00087,False
1741445921106,86360.19,6e-05,False
1741445921106,86360.19,6e-05,False
1741445921106,86360.28,8e-05,False
1741445921106,86360.28,6e-05,False
1741445921106,86360.28,6e-05,False
1741445921106,86360.29,7e-05,False
1741445921106,86360.29,7e-05,False
1741445921106,86360.29,6e-05,False
1741445921106,86360.29,6e-05,False
1741445921106,86360.29,7e-05,False
1741445921106,86360.3,0.06269,False
1741445921106,86360.3,6e-05,False
1741445921106,86360.3,6e-05,False
1741445921106,86360.3,6e-05,False
1741445921106,86360.3,6e-05,False
1741445921106,86360.95,0.00857,False
1741445921109,86360.95,0.00074,False
1741445921109,86360.95,6e-05,False
1741445921109,86360.95,6e-05,False
1741445921109,86360.95,6e-05,False
1741445921109,86360.95,6e-05,False
1741445921109,86360.95,6e-05,False
1741445921109,86361.0,0.00014,False
1741445921109,86361.0,6e-05,False
1741445921109,86361.0,6e-05,False
1741445921109,86361.83,8e-05,False
1741445921109,86361.83,6e-05,False
1741445921109,86361.83,6e-05,False
1741445921109,86361.99,7e-05,False
1741445921109,86361.99,3e-05,False
1741445921115,86361.99,7e-05,False
1741445921115,86361.99,0.0015,False
1741445921115,86361.99,6e-05,False
1741445921115,86361.99,6e-05,False
1741445921115,86361.99,7e-05,False
1741445921115,86361.99,6e-05,False
1741445921115,86361.99,6e-05,False
1741445921115,86361.99,6e-05,False
1741445921115,86361.99,6e-05,False
1741445921115,86361.99,6e-05,False
1741445921115,86361.99,6e-05,False
1741445921115,86361.99,0.00013,False
1741445921115,86361.99,6e-05,False
1741445921115,86361.99,6e-05,False
1741445921115,86361.99,7e-05,False
1741445921115,86362.0,0.00404,False
1741445921115,86362.0,6e-05,False
1741445921115,86362.0,0.001,False
1741445921115,86362.0,6e-05,False
1741445921115,86362.05,0.00118,False
1741445921115,86362.05,6e-05,False
1741445921115,86362.05,6e-05,False
1741445921115,86362.15,0.00013,False
1741445921115,86362.15,0.00013,False
1741445921115,86362.16,7e-05,False
1741445921115,86362.16,7e-05,False
1741445921115,86362.16,6e-05,False
1741445921115,86362.16,6e-05,False
1741445921115,86362.16,7e-05,False
1741445921115,86362.17,0.01991,False
1741445921115,86362.17,6e-05,False
1741445921115,86362.17,6e-05,False
1741445921115,86362.17,6e-05,False
1741445921115,86362.17,6e-05,False
1741445921115,86362.21,7e-05,False
1741445921115,86362.21,7e-05,False
1741445921115,86362.21,6e-05,False
1741445921115,86362.21,7e-05,False
1741445921135,86362.22,0.02321,False
1741445921167,86362.22,0.03799,False
1741445921565,86362.22,0.03996,False
1741445921565,86362.22,6e-05,False
1741445921565,86362.22,6e-05,False
1741445921565,86362.22,6e-05,False
1741445921565,86362.22,6e-05,False
1741445921565,86362.22,6e-05,False
1741445921565,86362.22,6e-05,False
1741445921565,86362.22,6e-05,False
1741445921565,86362.22,0.03988,False
1741445921565,86362.22,0.01008,False
1741445921585,86362.22,0.00095,False
1741445921587,86362.22,0.00885,False
1741445921587,86362.22,0.00013,False
1741445921587,86362.22,6e-05,False
1741445921587,86362.22,6e-05,False
1741445921587,86362.22,6e-05,False
1741445921587,86362.22,6e-05,False
1741445921587,86362.22,6e-05,False
1741445921587,86362.22,6e-05,False
1741445921587,86362.22,6e-05,False
1741445921587,86362.22,6e-05,False
1741445921587,86362.22,0.07774,False
1741445921587,86362.25,7e-05,False
1741445921587,86362.25,7e-05,False
1741445921587,86362.25,0.00014,False
1741445921587,86362.25,0.00011,False
1741445921587,86362.25,6e-05,False
1741445921587,86362.25,6e-05,False
1741445921587,86362.25,7e-05,False
1741445921587,86362.26,0.01088,False
1741445921587,86362.26,6e-05,False
1741445921587,86362.26,6e-05,False
1741445921587,86362.27,0.00013,False
1741445921587,86362.27,6e-05,False
1741445921587,86362.27,6e-05,False
1741445921587,86362.28,7e-05,False
1741445921587,86362.28,7e-05,False
1741445921587,86362.28,6e-05,False
1741445921587,86362.28,6e-05,False
1741445921587,86362.28,7e-05,False
1741445921587,86362.29,0.01612,False
1741445921587,86362.29,6e-05,False
1741445921587,86362.29,6e-05,False
1741445921587,86362.29,6e-05,False
1741445921587,86362.32,0.00014,False
1741445921587,86362.32,6e-05,False
1741445921587,86362.36,0.00013,False
1741445921587,86362.36,6e-05,False
1741445921587,86362.68,7e-05,False
1741445921587,86362.68,7e-05,False
1741445921587,86362.68,7e-05,False
1741445921587,86362.69,0.00408,False
1741445921592,86362.69,0.00647,False
1741445921592,86362.69,6e-05,False
1741445921592,86362.69,6e-05,False
1741445921592,86362.69,6e-05,False
1741445921592,86362.69,6e-05,False
1741445921592,86362.69,6e-05,False
1741445921592,86362.69,6e-05,False
1741445921592,86362.69,6e-05,False
1741445921592,86362.69,6e-05,False
1741445921592,86363.97,8e-05,False
1741445921592,86363.98,9e-05,False
1741445921592,86363.98,9e-05,False
1741445921592,86363.98,7e-05,False
1741445921592,86363.98,7e-05,False
1741445921592,86363.98,6e-05,False
1741445921592,86363.98,6e-05,False
1741445921592,86363.98,7e-05,False
1741445921592,86363.99,0.00848,False
1741445921592,86363.99,6e-05,False
1741445921592,86363.99,6e-05,False
1741445921592,86364.0,0.0001,False
1741445921592,86364.0,0.002,False
1741445921592,86364.0,6e-05,False
1741445921592,86364.0,6e-05,False
1741445921592,86364.99,7e-05,False
1741445921592,86364.99,7e-05,False
1741445921592,86364.99,7e-05,False
1741445921592,86365.0,0.00464,False
1741445921595,86365.0,0.00036,False
1741445921595,86365.0,6e-05,False
1741445921595,86365.0,6e-05,False
1741445921595,86365.0,6e-05,False
1741445921595,86365.08,7e-05,False
1741445921595,86365.08,7e-05,False
1741445921595,86365.08,6e-05,False
1741445921595,86365.08,7e-05,False
1741445921617,86365.09,0.02263,False
1741445921617,86365.09,6e-05,False
1741445921617,86365.09,6e-05,False
1741445921617,86365.09,6e-05,False
1741445921617,86365.09,6e-05,False
1741445921617,86365.09,6e-05,False
1741445921617,86365.09,6e-05,False
1741445921617,86365.09,6e-05,False
1741445921617,86365.09,6e-05,False
1741445921617,86365.09,6e-05,False
1741445921617,86365.09,6e-05,False
1741445921617,86365.1,6e-05,False
1741445921617,86365.1,6e-05,False
1741445921617,86365.11,7e-05,False
1741445921617,86365.11,6e-05,False
1741445921617,86365.11,6e-05,False
1741445921617,86365.14,0.00013,False
1741445921617,86365.25,0.00013,False
1741445921617,86365.25,6e-05,False
1741445921617,86365.25,6e-05,False
1741445921617,86365.44,6e-05,False
1741445921617,86365.44,6e-05,False
1741445921617,86365.67,7e-05,False
1741445921617,86365.67,7e-05,False
1741445921617,86365.67,6e-05,False
1741445921617,86365.67,9e-05,False
1741445921617,86365.67,0.00024,False
1741445921617,86365.67,9e-05,False
1741445921617,86365.67,7e-05,False
1741445921617,86365.68,0.01044,False
1741445921617,86365.68,6e-05,False
1741445921617,86365.72,7e-05,False
1741445921617,86365.72,7e-05,False
1741445921617,86365.72,6e-05,False
1741445921617,86365.72,7e-05,False
1741445921617,86365.73,0.09523,False
1741445921617,86365.73,6e-05,False
1741445921617,86365.73,6e-05,False
1741445921633,86366.24,0.01095,False
1741445921633,86366.24,6e-05,False
1741445921633,86366.24,6e-05,False
1741445921633,86366.24,6e-05,False
1741445921633,86366.24,0.00044,False
1741445921647,86366.24,0.01116,False
1741445921647,86366.24,6e-05,False
1741445921647,86366.24,6e-05,False
1741445921647,86366.24,6e-05,False
1741445921647,86366.24,6e-05,False
1741445921647,86366.24,6e-05,False
1741445921647,86366.24,6e-05,False
1741445921647,86366.24,6e-05,False
1741445921647,86366.24,6e-05,False
1741445921647,86366.25,7e-05,False
1741445921647,86366.25,7e-05,False
1741445921647,86366.25,6e-05,False
1741445921647,86366.25,6e-05,False
1741445921647,86366.25,0.00012,False
1741445921647,86366.25,0.00022,False
1741445921647,86366.25,7e-05,False
1741445921647,86366.26,0.01207,False
1741445921647,86366.26,6e-05,False
1741445921647,86366.26,6e-05,False
1741445921647,86366.26,6e-05,False
1741445921647,86366.26,6e-05,False
1741445921647,86366.3,0.001,False
1741445921647,86366.3,6e-05,False
1741445921647,86366.3,6e-05,False
1741445921647,86366.55,7e-05,False
1741445921647,86366.55,7e-05,False
1741445921647,86366.55,6e-05,False
1741445921647,86366.55,6e-05,False
1741445921647,86366.55,7e-05,False
1741445921647,86366.56,0.00457,False
1741445921647,86366.56,6e-05,False
1741445921647,86366.67,7e-05,False
1741445921647,86366.67,7e-05,False
1741445921647,86366.67,6e-05,False
1741445921647,86366.67,7e-05,False
1741445921647,86366.68,0.01739,False
1741445921647,86366.68,6e-05,False
1741445921647,86366.68,6e-05,False
1741445921647,86366.68,6e-05,False
1741445921647,86366.73,7e-05,False
1741445921647,86366.73,7e-05,False
1741445921647,86366.73,7e-05,False
1741445921647,86366.74,0.01867,False
1741445921647,86366.74,6e-05,False
1741445921647,86366.74,6e-05,False
1741445921647,86366.8,0.00047,False
1741445921647,86366.92,0.00035,False
1741445921647,86367.12,0.01345,False
1741445921649,86367.12,0.0018,False
1741445921649,86367.12,6e-05,False
1741445921649,86367.12,6e-05,False
1741445921649,86367.26,7e-05,False
1741445921649,86367.26,7e-05,False
1741445921649,86367.26,7e-05,False
1741445921677,86367.27,0.00982,False
1741445921677,86367.27,6e-05,False
1741445921677,86367.27,6e-05,False
1741445921677,86367.27,6e-05,False
1741445921677,86367.27,6e-05,False
1741445921677,86367.27,6e-05,False
1741445921677,86367.27,6e-05,False
1741445921677,86367.27,6e-05,False
1741445921677,86367.27,6e-05,False
1741445921677,86367.34,7e-05,False
1741445921677,86367.34,7e-05,False
1741445921677,86367.34,6e-05,False
1741445921677,86367.34,6e-05,False
1741445921677,86367.34,7e-05,False
1741445921677,86367.35,0.01067,False
1741445921677,86367.35,6e-05,False
1741445921677,86367.35,6e-05,False
1741445921677,86367.72,7e-05,False
1741445921677,86367.72,0.0001,False
1741445921677,86367.72,0.0001,False
1741445921677,86367.72,6e-05,False
1741445921677,86367.72,6e-05,False
1741445921677,86367.73,0.00085,False
1741445921677,86367.73,6e-05,False
1741445921677,86367.73,6e-05,False
1741445921677,86368.0,0.0001,False
1741445921677,86368.0,0.002,False
1741445921677,86368.0,6e-05,False
1741445921677,86368.23,7e-05,False
1741445921677,86368.23,7e-05,False
1741445921677,86368.23,6e-05,False
1741445921677,86368.23,7e-05,False
1741445921677,86368.24,0.0079,False
1741445921677,86368.24,6e-05,False
1741445921677,86368.3,7e-05,False
1741445921677,86368.3,7e-05,False
1741445921677,86368.3,7e-05,False
1741445921677,86368.31,0.02291,False
1741445921677,86368.31,6e-05,False
1741445921677,86368.31,6e-05,False
1741445921677,86368.35,0.00118,False
1741445921677,86368.81,7e-05,False
1741445921677,86368.81,7e-05,False
1741445921677,86368.81,7e-05,False
1741445921677,86368.82,0.0194,False
1741445921677,86368.82,6e-05,False
1741445921677,86368.82,6e-05,False
1741445921679,86368.85,6e-05,False
1741445921679,86368.85,6e-05,False
1741445921679,86368.89,7e-05,False
1741445921679,86368.89,7e-05,False
1741445921709,86368.89,7e-05,False
1741445921709,86368.89,6e-05,False
1741445921709,86368.89,6e-05,False
1741445921709,86368.89,6e-05,False
1741445921709,86368.89,6e-05,False
1741445921709,86368.89,6e-05,False
1741445921709,86368.89,6e-05,False
1741445921709,86368.89,7e-05,False
1741445921709,86368.89,6e-05,False
1741445921709,86368.89,6e-05,False
1741445921709,86368.89,6e-05,False
1741445921709,86368.89,6e-05,False
1741445921709,86368.89,0.00013,False
1741445921709,86368.89,6e-05,False
1741445921709,86368.89,7e-05,False
1741445921709,86368.89,6e-05,False
1741445921709,86368.9,0.02433,False
1741445921716,86368.9,0.0001,False
1741445921716,86368.9,6e-05,False
1741445921716,86368.9,6e-05,False
1741445921716,86368.9,6e-05,False
1741445921716,86368.9,6e-05,False
1741445921716,86368.9,6e-05,False
1741445921716,86368.9,6e-05,False
1741445921716,86368.9,6e-05,False
1741445921716,86368.9,6e-05,False
1741445921716,86369.0,0.00013,False
1741445921716,86369.0,6e-05,False
1741445921716,86369.0,6e-05,False
1741445921716,86369.23,7e-05,False
1741445921716,86369.23,7e-05,False
1741445921716,86369.23,6e-05,False
1741445921716,86369.23,6e-05,False
1741445921716,86369.23,7e-05,False
1741445921740,86369.24,0.00139,False
1741445921743,86369.24,0.09158,False
1741445921743,86369.24,6e-05,False
1741445921743,86369.24,6e-05,False
1741445921743,86369.24,6e-05,False
1741445921743,86369.24,6e-05,False
1741445921743,86369.24,6e-05,False
1741445921743,86369.24,6e-05,False
1741445921743,86369.24,6e-05,False
1741445921743,86369.24,6e-05,False
1741445921743,86369.33,6e-05,False
1741445921743,86369.33,6e-05,False
1741445921743,86369.34,0.00014,False
1741445921743,86369.34,6e-05,False
1741445921743,86369.34,6e-05,False
1741445921743,86369.56,7e-05,False
1741445921743,86369.56,7e-05,False
1741445921743,86369.56,6e-05,False
1741445921743,86369.56,6e-05,False
1741445921743,86369.56,9e-05,False
1741445921743,86369.56,0.00014,False
1741445921743,86369.56,9e-05,False
1741445921743,86369.56,9e-05,False
1741445921743,86369.56,7e-05,False
1741445921743,86369.57,0.01017,False
1741445921743,86369.57,6e-05,False
1741445921743,86369.57,6e-05,False
1741445921743,86370.0,7e-05,False
1741445921743,86370.0,6e-05,False
1741445921743,86370.03,0.00012,False
1741445921743,86370.03,6e-05,False
1741445921743,86370.26,7e-05,False
1741445921743,86370.26,7e-05,False
1741445921743,86370.26,6e-05,False
1741445921743,86370.26,7e-05,False
1741445921743,86370.27,0.01013,False
1741445921745,86370.27,0.00083,False
1741445921745,86370.61,7e-05,False
1741445921745,86370.61,7e-05,False
1741445921745,86370.61,7e-05,False
1741445921779,86370.62,0.01129,False
1741445921779,86370.62,0.001,False
1741445921779,86370.62,6e-05,False
1741445921779,86370.62,6e-05,False
1741445921779,86370.62,6e-05,False
1741445921779,86370.62,6e-05,False
1741445921779,86370.62,6e-05,False
1741445921779,86370.62,6e-05,False
1741445921779,86370.62,6e-05,False
1741445921779,86370.62,6e-05,False
1741445921779,86370.64,9e-05,False
1741445921779,86370.64,6e-05,False
1741445921779,86370.64,6e-05,False
1741445921779,86370.77,7e-05,False
1741445921779,86370.77,7e-05,False
1741445921779,86370.77,6e-05,False
1741445921779,86370.77,6e-05,False
1741445921779,86370.77,6e-05,False
1741445921779,86370.77,6e-05,False
1741445921779,86370.77,6e-05,False
1741445921779,86370.77,7e-05,False
1741445921779,86370.78,0.01551,False
1741445921779,86370.78,6e-05,False
1741445921779,86370.78,6e-05,False
1741445921779,86370.78,6e-05,False
1741445921779,86370.78,6e-05,False
1741445921779,86370.94,7e-05,False
1741445921779,86370.94,7e-05,False
1741445921779,86370.94,6e-05,False
1741445921779,86370.94,6e-05,False
1741445921779,86370.94,7e-05,False
1741445921779,86370.95,0.01136,False
1741445921779,86370.95,6e-05,False
1741445921779,86370.97,7e-05,False
1741445921779,86370.97,7e-05,False
1741445921779,86370.97,6e-05,False
1741445921779,86370.97,7e-05,False
1741445921779,86370.98,0.00957,False
1741445921782,86370.98,0.00162,False
1741445921782,86370.98,6e-05,False
1741445921782,86370.98,6e-05,False
1741445921782,86370.98,6e-05,False
1741445921782,86370.98,6e-05,False
1741445921782,86370.98,6e-05,False
1741445921782,86370.98,6e-05,False
1741445921782,86371.15,7e-05,False
1741445921782,86371.15,7e-05,False
1741445921782,86371.15,6e-05,False
1741445921782,86371.15,7e-05,False
1741445921953,86371.16,0.01562,False
1741445921953,86371.16,6e-05,False
1741445921953,86371.16,7e-05,False
1741445921953,86371.16,7e-05,False
1741445921953,86371.16,6e-05,False
1741445921953,86371.16,6e-05,False
1741445921953,86371.16,6e-05,False
1741445921953,86371.16,0.00013,False
1741445921953,86371.16,6e-05,False
1741445921953,86371.16,6e-05,False
1741445921953,86371.16,0.00306,False
1741445921953,86371.16,6e-05,False
1741445921953,86371.16,6e-05,False
1741445921953,86371.16,7e-05,False
1741445921953,86371.17,0.00534,False
1741445921953,86371.17,0.01486,False
1741445921953,86371.17,6e-05,False
1741445921953,86371.17,6e-05,False
1741445921953,86371.17,6e-05,False
1741445921953,86371.17,6e-05,False
1741445921953,86371.21,0.00013,False
1741445921953,86371.21,6e-05,False
1741445921953,86371.21,6e-05,False
1741445921953,86371.27,0.00014,False
1741445921953,86371.27,6e-05,False
1741445921953,86371.27,6e-05,False
1741445921953,86371.32,7e-05,False
1741445921956,86371.32,7e-05,False
1741445921956,86371.32,6e-05,False
1741445921956,86371.32,6e-05,False
1741445921956,86371.32,6e-05,False
1741445921956,86371.32,6e-05,False
1741445921956,86371.32,6e-05,False
1741445921956,86371.32,6e-05,False
1741445921956,86371.32,6e-05,False
1741445921956,86371.86,6e-05,False
1741445921956,86371.86,6e-05,False
1741445921956,86371.86,6e-05,False
1741445921956,86371.86,7e-05,False
1741445921956,86371.86,7e-05,False
1741445921956,86371.86,6e-05,False
1741445921977,86371.86,7e-05,False
1741445921977,86371.86,0.0015,False
1741445921977,86371.86,6e-05,False
1741445921977,86371.86,6e-05,False
1741445921977,86371.86,6e-05,False
1741445921977,86371.86,6e-05,False
1741445921977,86371.86,6e-05,False
1741445921977,86371.86,6e-05,False
1741445921977,86371.86,6e-05,False
1741445921977,86371.86,7e-05,False
1741445921977,86371.86,6e-05,False
1741445921977,86371.86,6e-05,False
1741445921977,86371.86,9e-05,False
1741445921977,86371.86,6e-05,False
1741445921977,86371.86,7e-05,False
1741445921977,86371.86,6e-05,False
1741445921977,86371.87,0.0078,False
1741445921977,86371.87,6e-05,False
1741445921977,86371.87,6e-05,False
1741445921977,86371.95,7e-05,False
1741445921977,86371.95,7e-05,False
1741445921977,86371.95,6e-05,False
1741445921977,86371.95,6e-05,False
1741445921977,86371.95,7e-05,False
1741445921977,86371.96,0.01195,False
1741445921977,86371.96,6e-05,False
1741445921977,86371.96,6e-05,False
1741445921977,86371.96,6e-05,False
1741445921977,86371.96,6e-05,False
1741445921977,86372.0,0.0001,False
1741445921977,86372.0,0.0001,False
1741445921977,86372.0,0.002,False
1741445921977,86372.0,6e-05,False
1741445921977,86372.0,6e-05,False
1741445921977,86372.26,0.00012,False
1741445921977,86372.26,6e-05,False
1741445921977,86372.9,7e-05,False
1741445921977,86372.9,7e-05,False
1741445921977,86372.9,6e-05,False
1741445921977,86372.9,7e-05,False
1741445921977,86372.91,0.02352,False
1741445921977,86372.91,6e-05,False
1741445921977,86372.91,6e-05,False
1741445921977,86372.91,6e-05,False
1741445921977,86373.23,7e-05,False
1741445921977,86373.23,7e-05,False
1741445921977,86373.23,7e-05,False
1741445922035,86373.24,0.02321,False
1741445922251,86373.23,0.04997,True
1741445922308,86373.24,0.00139,False
1741445922344,86373.24,9e-05,False
1741445922396,86373.24,0.00056,False
1741445922476,86373.24,0.02321,False
1741445922706,86373.24,0.00042,False
1741445922816,86373.23,6e-05,True
1741445922924,86373.24,0.02321,False
1741445923101,86373.24,0.00121,False
1741445923371,86373.24,0.02321,False
1741445923709,86373.24,0.0014,False
1741445923804,86373.23,0.00078,True
1741445923811,86373.24,0.02321,False
1741445923909,86373.23,6e-05,True
1741445924215,86373.23,5e-05,True
1741445924261,86373.24,0.00932,False
1741445924261,86373.24,6e-05,False
1741445924261,86373.24,0.00013,False
1741445924261,86373.24,0.0137,False
1741445924389,86373.24,0.02221,False
1741445924699,86373.24,0.02321,False
1741445924703,86373.24,0.01158,False
1741445924906,86373.23,0.00103,True
1741445924909,86373.23,0.00139,True
1741445925088,86373.23,0.00116,True
1741445925132,86373.23,0.00015,True
1741445925136,86373.24,0.00058,False
1741445925155,86373.24,0.02321,False
1741445925428,86373.23,0.00447,True
1741445925606,86373.24,0.02321,False
1741445926056,86373.24,0.02321,False
1741445926078,86373.23,0.00111,True
1741445926512,86373.24,0.00039,False
1741445926512,86373.24,0.02282,False
1741445926904,86373.23,6e-05,True
1741445926904,86373.23,6e-05,True
1741445926904,86373.23,0.00014,True
1741445926904,86373.23,0.00062,True
1741445926937,86373.23,0.00015,True
1741445926956,86373.23,6e-05,True
1741445926956,86373.23,9e-05,True
1741445926960,86373.24,0.01558,False
1741445926960,86373.24,0.00763,False
1741445926977,86373.23,0.00014,True
1741445927091,86373.24,0.22591,False
1741445927091,86373.24,0.08434,False
1741445927326,86373.23,0.0048,True
1741445927326,86373.23,0.0001,True
1741445927326,86373.23,0.00058,True
1741445927326,86373.23,0.00012,True
1741445927326,86373.23,6e-05,True
1741445927326,86373.23,0.00038,True
1741445927326,86373.23,0.00325,True
1741445927326,86373.23,6e-05,True
1741445927326,86373.23,0.0001,True
1741445927326,86373.23,0.05215,True
1741445927326,86373.23,0.03844,True
1741445927326,86373.23,6e-05,True
1741445927326,86373.23,0.01853,True
1741445927326,86373.23,6e-05,True
1741445927326,86373.23,6e-05,True
1741445927326,86373.23,0.00104,True
1741445927326,86373.23,0.0001,True
1741445927326,86373.23,0.0001,True
1741445927326,86373.23,0.00025,True
1741445927326,86373.23,6e-05,True
1741445927326,86373.23,6e-05,True
1741445927326,86373.23,0.00014,True
1741445927326,86373.23,0.00084,True
1741445927326,86373.23,0.00015,True
1741445927326,86373.23,6e-05,True
1741445927326,86373.22,6e-05,True
1741445927326,86373.22,6e-05,True
1741445927326,86373.22,0.00233,True
1741445927326,86373.21,8e-05,True
1741445927326,86373.21,8e-05,True
1741445927326,86373.21,6e-05,True
1741445927326,86373.21,6e-05,True
1741445927326,86373.21,0.00014,True
1741445927326,86373.2,0.02,True
1741445927326,86373.2,6e-05,True
1741445927326,86373.2,6e-05,True
1741445927326,86373.2,6e-05,True
1741445927326,86373.2,6e-05,True
1741445927326,86373.19,6e-05,True
1741445927326,86373.19,6e-05,True
1741445927326,86373.18,6e-05,True
1741445927326,86373.17,6e-05,True
1741445927326,86373.16,6e-05,True
1741445927326,86373.13,0.00013,True
1741445927326,86373.11,9e-05,True
1741445927326,86373.11,9e-05,True
1741445927326,86373.1,0.02,True
1741445927326,86373.1,6e-05,True
1741445927326,86373.1,6e-05,True
1741445927326,86373.08,0.00014,True
1741445927327,86372.01,0.0001,True
1741445927327,86372.01,0.0001,True
1741445927327,86371.88,6e-05,True
1741445927327,86371.88,6e-05,True
1741445927327,86370.98,7e-05,True
1741445927327,86370.97,0.05999,True
1741445927327,86370.67,0.01006,True
1741445927327,86370.66,2e-05,True
1741445927328,86370.66,6e-05,True
1741445927328,86370.24,0.05458,True
1741445927328,86370.13,0.01157,True
1741445927328,86369.4,0.00226,True
1741445927328,86369.4,0.04458,True
1741445927328,86369.23,0.05224,True
1741445927328,86369.23,0.07615,True
1741445927331,86369.23,0.03615,True
1741445927331,86369.23,6e-05,True
1741445927331,86369.23,6e-05,True
1741445927331,86369.04,0.0001,True
1741445927335,86369.04,6e-05,True
1741445927335,86369.04,6e-05,True
1741445927335,86368.97,6e-05,True
1741445927335,86368.97,6e-05,True
1741445927335,86368.11,6e-05,True
1741445927339,86368.06,6e-05,True
1741445927339,86368.06,6e-05,True
1741445927339,86368.06,6e-05,True
1741445927339,86368.06,0.00137,True
1741445927344,86368.06,0.00163,True
1741445927344,86368.06,6e-05,True
1741445927344,86368.06,5e-05,True
1741445927349,86368.06,5e-05,True
1741445927349,86368.06,0.0001,True
1741445927349,86368.06,0.0001,True
1741445927349,86368.06,6e-05,True
1741445927349,86368.06,6e-05,True
1741445927349,86368.06,6e-05,True
1741445927349,86368.06,6e-05,True
1741445927349,86368.06,6e-05,True
1741445927349,86368.06,6e-05,True
1741445927349,86368.06,6e-05,True
1741445927349,86368.06,6e-05,True
1741445927349,86368.06,6e-05,True
1741445927349,86368.06,6e-05,True
1741445927349,86368.06,6e-05,True
1741445927349,86368.01,0.0015,True
1741445927349,86368.01,6e-05,True
1741445927349,86368.01,6e-05,True
1741445927349,86368.0,6e-05,True
1741445927349,86368.0,6e-05,True
1741445927349,86367.25,6e-05,True
1741445927349,86367.25,6e-05,True
1741445927349,86367.25,6e-05,True
1741445927349,86366.39,6e-05,True
1741445927349,86366.39,6e-05,True
1741445927349,86366.33,0.00219,True
1741445927351,86366.33,0.00174,True
1741445927353,86366.33,0.00114,True
1741445927353,86366.33,0.00145,True
1741445927364,86366.33,0.00116,True
1741445927368,86366.33,0.00102,True
1741445927405,86366.34,0.01,False
1741445927405,86366.34,0.01321,False
1741445927672,86366.34,0.0001,False
1741445927772,86366.33,0.00287,True
1741445927772,86366.33,6e-05,True
1741445927772,86366.33,6e-05,True
1741445927772,86366.33,0.0087,True
1741445927772,86366.33,0.00014,True
1741445927772,86366.33,0.00027,True
1741445927772,86366.33,6e-05,True
1741445927772,86366.33,6e-05,True
1741445927772,86366.33,6e-05,True
1741445927772,86366.33,6e-05,True
1741445927772,86366.33,0.0001,True
1741445927772,86366.33,0.0001,True
1741445927772,86366.33,0.0001,True
1741445927772,86366.33,6e-05,True
1741445927772,86366.33,6e-05,True
1741445927772,86366.32,6e-05,True
1741445927772,86366.32,6e-05,True
1741445927772,86366.3,0.00014,True
1741445927772,86366.3,6e-05,True
1741445927772,86366.3,6e-05,True
1741445927772,86366.25,0.00027,True
1741445927772,86366.25,0.00027,True
1741445927772,86366.25,0.00027,True
1741445927772,86366.25,6e-05,True
1741445927772,86366.25,6e-05,True
1741445927772,86366.24,6e-05,True
1741445927772,86366.24,6e-05,True
1741445927772,86366.22,0.00013,True
1741445927772,86366.22,6e-05,True
1741445927772,86366.17,0.00014,True
1741445927772,86366.17,6e-05,True
1741445927772,86366.0,6e-05,True
1741445927772,86365.54,6e-05,True
1741445927772,86364.01,8e-05,True
1741445927772,86364.01,9e-05,True
1741445927772,86363.82,6e-05,True
1741445927772,86363.24,0.00012,True
1741445927772,86362.51,0.003,True
1741445927772,86362.46,0.00012,True
1741445927772,86362.37,0.00124,True
1741445927772,86362.01,9e-05,True
1741445927772,86362.01,0.00011,True
1741445927775,86362.0,6e-05,True
1741445927775,86362.0,0.0001,True
1741445927775,86362.0,0.0001,True
1741445927775,86362.0,0.0001,True
1741445927775,86362.0,6e-05,True
1741445927775,86360.34,0.0001,True
1741445927775,86360.34,0.00013,True
1741445927775,86360.34,0.0015,True
1741445927816,86360.33,0.05215,True
1741445927816,86360.33,6e-05,True
1741445927816,86360.33,6e-05,True
1741445927816,86360.33,0.0001,True
1741445927816,86360.33,0.0001,True
1741445927816,86360.33,0.0001,True
1741445927816,86360.33,6e-05,True
1741445927816,86360.33,6e-05,True
1741445927816,86360.33,0.00014,True
1741445927816,86360.33,6e-05,True
1741445927816,86360.33,6e-05,True
1741445927816,86360.33,6e-05,True
1741445927816,86360.33,6e-05,True
1741445927816,86360.32,0.0003,True
1741445927816,86360.32,6e-05,True
1741445927816,86360.32,6e-05,True
1741445927816,86360.11,0.00031,True
1741445927816,86360.11,0.00031,True
1741445927816,86360.11,0.00031,True
1741445927816,86360.11,6e-05,True
1741445927816,86360.11,6e-05,True
1741445927851,86360.11,0.02321,False
1741445927864,86360.1,0.00058,True
1741445927936,86360.1,6e-05,True
1741445927936,86360.1,0.0001,True
1741445927936,86360.1,6e-05,True
1741445927936,86360.1,6e-05,True
1741445927936,86360.1,6e-05,True
1741445927936,86360.1,6e-05,True
1741445927936,86360.1,6e-05,True
1741445927936,86360.1,0.0001,True
1741445927936,86360.1,0.0001,True
1741445927936,86360.1,6e-05,True
1741445927936,86360.1,0.0001,True
1741445927936,86360.1,6e-05,True
1741445927936,86360.1,0.00552,True
1741445927936,86360.1,6e-05,True
1741445927936,86360.07,0.00014,True
1741445927936,86360.07,6e-05,True
1741445927936,86360.07,6e-05,True
1741445927936,86359.99,0.00013,True
1741445927936,86359.99,6e-05,True
1741445927936,86359.99,6e-05,True
1741445927936,86359.95,0.00013,True
1741445927936,86359.95,6e-05,True
1741445927936,86359.95,6e-05,True
1741445927936,86359.9,0.001,True
1741445927936,86359.9,6e-05,True
1741445927936,86359.9,6e-05,True
1741445927952,86359.84,0.00012,True
1741445927952,86359.84,6e-05,True
1741445927952,86359.84,6e-05,True
1741445927952,86359.84,0.0001,True
1741445927952,86359.84,0.0001,True
1741445927952,86359.84,0.0001,True
1741445927952,86359.84,6e-05,True
1741445927952,86359.84,6e-05,True
1741445927952,86359.84,6e-05,True
1741445927952,86359.84,6e-05,True
1741445927952,86359.84,6e-05,True
1741445927952,86359.84,6e-05,True
1741445927952,86359.53,6e-05,True
1741445927952,86359.53,6e-05,True
1741445927952,86359.53,6e-05,True
1741445928001,86359.43,0.01157,True
1741445928001,86359.43,6e-05,True
1741445928001,86359.43,0.0001,True
1741445928001,86359.43,0.0001,True
1741445928001,86359.43,6e-05,True
1741445928001,86359.43,0.0001,True
1741445928001,86359.43,6e-05,True
1741445928001,86359.43,6e-05,True
1741445928001,86359.43,6e-05,True
1741445928001,86359.43,6e-05,True
1741445928001,86359.43,6e-05,True
1741445928001,86359.43,6e-05,True
1741445928001,86359.43,0.00014,True
1741445928001,86359.43,6e-05,True
1741445928001,86359.43,6e-05,True
1741445928001,86358.67,6e-05,True
1741445928001,86358.67,6e-05,True
1741445928001,86358.67,6e-05,True
1741445928001,86358.01,7e-05,True
1741445928001,86358.01,7e-05,True
1741445928001,86358.01,6e-05,True
1741445928001,86358.01,6e-05,True
1741445928001,86358.0,0.0223,True
1741445928001,86358.0,6e-05,True
1741445928001,86358.0,6e-05,True
1741445928001,86358.0,6e-05,True
1741445928001,86358.0,6e-05,True
1741445928001,86356.96,0.05215,True
1741445928001,86356.96,6e-05,True
1741445928001,86356.96,6e-05,True
1741445928001,86356.96,6e-05,True
1741445928001,86356.96,6e-05,True
1741445928001,86356.95,6e-05,True
1741445928001,86356.85,6e-05,True
1741445928001,86356.5,0.00018,True
1741445928001,86356.5,0.00018,True
1741445928001,86356.5,0.00018,True
1741445928001,86356.5,6e-05,True
1741445928001,86356.08,7e-05,True
1741445928001,86356.08,7e-05,True
1741445928010,86356.07,6e-05,True
1741445928010,86356.07,0.0001,True
1741445928010,86356.07,0.0001,True
1741445928010,86356.07,6e-05,True
1741445928010,86356.07,6e-05,True
1741445928010,86356.07,6e-05,True
1741445928010,86356.07,6e-05,True
1741445928010,86356.07,6e-05,True
1741445928010,86356.07,0.00021,True
1741445928010,86356.07,6e-05,True
1741445928010,86356.07,6e-05,True
1741445928010,86356.06,0.00118,True
1741445928010,86356.06,6e-05,True
1741445928010,86356.06,6e-05,True
1741445928010,86356.01,7e-05,True
1741445928010,86356.01,6e-05,True
1741445928010,86356.01,6e-05,True
1741445928010,86356.01,0.0015,True
1741445928012,86356.0,6e-05,True
1741445928012,86356.0,6e-05,True
1741445928012,86356.0,6e-05,True
1741445928016,86356.0,0.003,True
1741445928016,86356.0,0.0001,True
1741445928016,86356.0,0.0001,True
1741445928016,86356.0,0.0001,True
1741445928016,86356.0,6e-05,True
1741445928016,86356.0,6e-05,True
1741445928016,86356.0,6e-05,True
1741445928016,86356.0,6e-05,True
1741445928016,86356.0,6e-05,True
1741445928016,86355.95,0.003,True
1741445928016,86355.95,6e-05,True
1741445928016,86355.95,6e-05,True
1741445928016,86355.92,6e-05,True
1741445928016,86355.92,6e-05,True
1741445928299,86355.77,0.02321,False
1741445928315,86355.76,6e-05,True
1741445928315,86355.76,6e-05,True
1741445928315,86355.76,6e-05,True
1741445928315,86355.76,6e-05,True
1741445928315,86355.76,6e-05,True
1741445928315,86355.76,6e-05,True
1741445928315,86355.76,0.0001,True
1741445928315,86355.76,0.0001,True
1741445928315,86355.76,0.0001,True
1741445928315,86355.76,6e-05,True
1741445928315,86355.76,0.00013,True
1741445928315,86355.76,6e-05,True
1741445928315,86355.73,6e-05,True
1741445928315,86355.73,6e-05,True
1741445928315,86355.65,0.00013,True
1741445928315,86355.65,6e-05,True
1741445928315,86355.65,6e-05,True
1741445928315,86355.61,6e-05,True
1741445928315,86355.61,6e-05,True
1741445928315,86354.69,0.0015,True
1741445928315,86354.69,6e-05,True
1741445928315,86354.69,6e-05,True
1741445928315,86354.31,0.00012,True
1741445928315,86354.31,6e-05,True
1741445928315,86354.02,6e-05,True
1741445928315,86354.01,6e-05,True
1741445928315,86354.01,7e-05,True
1741445928315,86354.01,7e-05,True
1741445928474,86354.0,6e-05,True
1741445928474,86354.0,0.0001,True
1741445928474,86354.0,0.0001,True
1741445928474,86354.0,0.0001,True
1741445928474,86354.0,6e-05,True
1741445928474,86354.0,0.00013,True
1741445928474,86354.0,0.00011,True
1741445928474,86354.0,6e-05,True
1741445928474,86353.99,6e-05,True
1741445928474,86353.95,7e-05,True
1741445928474,86353.95,7e-05,True
1741445928474,86353.95,0.00013,True
1741445928474,86353.95,6e-05,True
1741445928474,86353.95,0.00013,True
1741445928474,86353.95,0.00013,True
1741445928474,86353.95,0.00014,True
1741445928474,86353.95,0.0015,True
1741445928666,86353.95,0.00101,False
1741445928743,86353.95,0.00749,False
1741445928743,86353.95,0.01572,False
1741445929031,86353.95,0.00465,False
1741445929194,86353.95,0.02321,False
1741445929641,86353.95,0.02321,False
1741445930089,86353.95,0.02195,False
1741445930089,86353.95,0.00126,False
1741445930108,86353.95,0.00025,False
1741445930461,86353.95,0.00058,False
1741445930535,86353.95,0.02321,False
1741445930746,86353.95,0.00115,False
1741445930983,86353.95,0.02321,False
1741445931043,86353.94,6e-05,True
1741445931043,86353.94,0.0001,True
1741445931043,86353.94,0.0001,True
1741445931043,86353.94,0.0001,True
1741445931043,86353.94,0.00014,True
1741445931043,86353.94,6e-05,True
1741445931043,86353.94,6e-05,True
1741445931043,86353.94,6e-05,True
1741445931043,86353.94,6e-05,True
1741445931043,86353.94,6e-05,True
1741445931043,86353.94,0.00058,True
1741445931043,86353.94,6e-05,True
1741445931043,86353.94,6e-05,True
1741445931043,86353.91,6e-05,True
1741445931043,86353.91,6e-05,True
1741445931043,86353.89,6e-05,True
1741445931043,86353.89,6e-05,True
1741445931043,86353.88,0.00014,True
1741445931043,86353.88,6e-05,True
1741445931043,86353.88,6e-05,True
1741445931043,86353.84,6e-05,True
1741445931043,86353.84,6e-05,True
1741445931043,86353.83,0.00014,True
1741445931043,86353.83,6e-05,True
1741445931043,86353.79,6e-05,True
1741445931043,86353.78,6e-05,True
1741445931043,86353.78,0.00014,True
1741445931043,86353.53,6e-05,True
1741445931068,86353.43,0.01158,True
1741445931068,86353.43,6e-05,True
1741445931068,86353.43,0.0001,True
1741445931068,86353.43,0.0001,True
1741445931068,86353.43,0.0001,True
1741445931068,86353.43,6e-05,True
1741445931068,86353.43,6e-05,True
1741445931068,86353.43,6e-05,True
1741445931068,86353.43,6e-05,True
1741445931068,86353.43,6e-05,True
1741445931068,86353.43,6e-05,True
1741445931068,86353.43,6e-05,True
1741445931068,86353.43,6e-05,True
1741445931068,86353.37,0.00014,True
1741445931068,86353.37,6e-05,True
1741445931068,86352.67,6e-05,True
1741445931068,86352.67,6e-05,True
1741445931068,86352.67,6e-05,True
1741445931068,86352.04,0.0001,True
1741445931068,86352.04,0.0001,True
1741445931068,86352.04,0.0001,True
1741445931068,86352.04,6e-05,True
1741445931068,86352.04,6e-05,True
1741445931068,86352.02,0.00012,True
1741445931068,86352.02,6e-05,True
1741445931068,86352.02,6e-05,True
1741445931068,86352.01,7e-05,True
1741445931068,86352.01,7e-05,True
1741445931068,86352.01,6e-05,True
1741445931068,86352.0,0.0223,True
1741445931068,86352.0,6e-05,True
1741445931068,86352.0,6e-05,True
1741445931068,86352.0,6e-05,True
1741445931068,86351.36,7e-05,True
1741445931068,86351.36,8e-05,True
1741445931068,86351.36,6e-05,True
1741445931432,86351.36,0.02321,False
1741445931464,86351.36,0.00091,False
1741445931663,86351.35,0.10583,True
1741445931663,86351.35,6e-05,True
1741445931663,86351.35,6e-05,True
1741445931663,86351.35,6e-05,True
1741445931663,86351.35,6e-05,True
1741445931663,86351.35,0.00013,True
1741445931663,86351.35,6e-05,True
1741445931663,86351.35,0.00013,True
1741445931663,86351.35,0.0001,True
1741445931663,86351.35,0.0001,True
1741445931663,86351.35,0.0001,True
1741445931663,86351.35,6e-05,True
1741445931663,86351.35,6e-05,True
1741445931663,86351.35,6e-05,True
1741445931663,86351.35,7e-05,True
1741445931663,86351.35,6e-05,True
1741445931663,86351.35,6e-05,True
1741445931663,86351.34,6e-05,True
1741445931663,86351.34,6e-05,True
1741445931663,86351.3,6e-05,True
1741445931663,86351.3,6e-05,True
1741445931663,86351.29,0.00014,True
1741445931663,86351.29,6e-05,True
1741445931663,86351.29,6e-05,True
1741445931663,86351.24,0.00014,True
1741445931663,86351.24,6e-05,True
1741445931663,86351.24,6e-05,True
1741445931663,86351.2,0.00013,True
1741445931663,86351.2,6e-05,True
1741445931663,86351.19,6e-05,True
1741445931663,86350.95,6e-05,True
1741445931663,86350.02,0.0001,True
1741445931663,86350.02,0.0001,True
1741445931663,86350.02,0.0001,True
1741445931663,86350.01,0.00011,True
1741445931663,86350.01,9e-05,True
1741445931671,86350.0,0.0001,True
1741445931671,86350.0,6e-05,True
1741445931671,86350.0,0.0001,True
1741445931671,86350.0,6e-05,True
1741445931671,86349.67,7e-05,True
1741445931671,86349.67,7e-05,True
1741445931708,86349.66,6e-05,True
1741445931708,86349.66,6e-05,True
1741445931708,86349.66,0.0001,True
1741445931708,86349.66,0.0001,True
1741445931708,86349.66,0.0001,True
1741445931708,86349.66,6e-05,True
1741445931708,86349.66,6e-05,True
1741445931708,86349.66,6e-05,True
1741445931708,86349.66,6e-05,True
1741445931708,86349.66,6e-05,True
1741445931708,86349.66,6e-05,True
1741445931723,86349.63,0.01158,True
1741445931723,86349.63,6e-05,True
1741445931723,86349.63,6e-05,True
1741445931723,86349.63,6e-05,True
1741445931723,86349.63,0.0001,True
1741445931723,86349.63,0.0001,True
1741445931723,86349.63,6e-05,True
1741445931723,86349.63,6e-05,True
1741445931723,86349.63,6e-05,True
1741445931723,86349.63,6e-05,True
1741445931723,86349.63,6e-05,True
1741445931723,86349.55,0.00014,True
1741445931723,86349.52,0.00123,True
1741445931723,86349.52,6e-05,True
1741445931723,86349.52,6e-05,True
1741445931723,86349.52,0.00014,True
1741445931723,86349.24,6e-05,True
1741445931723,86349.24,6e-05,True
1741445931723,86349.24,6e-05,True
1741445931723,86349.03,0.00387,True
1741445931723,86349.03,6e-05,True
1741445931723,86349.03,6e-05,True
1741445931723,86348.64,6e-05,True
1741445931723,86348.64,6e-05,True
1741445931723,86348.38,6e-05,True
1741445931723,86348.38,6e-05,True
1741445931723,86348.02,6e-05,True
1741445931723,86348.01,6e-05,True
1741445931723,86347.52,6e-05,True
1741445931723,86347.23,0.00028,True
1741445931723,86347.1,7e-05,True
1741445931723,86347.1,7e-05,True
1741445931789,86347.1,0.00021,False
1741445931874,86347.1,0.02322,False
1741445931938,86347.09,0.00228,True
1741445932074,86347.1,0.02007,False
1741445932120,86347.09,6e-05,True
1741445932120,86347.09,6e-05,True
1741445932120,86347.09,6e-05,True
1741445932120,86347.09,0.00013,True
1741445932120,86347.09,0.00021,True
1741445932120,86347.09,6e-05,True
1741445932120,86347.09,6e-05,True
1741445932120,86347.09,0.0001,True
1741445932120,86347.09,0.0001,True
1741445932120,86347.09,0.0001,True
1741445932120,86347.09,6e-05,True
1741445932120,86347.09,6e-05,True
1741445932120,86347.09,6e-05,True
1741445932120,86347.08,6e-05,True
1741445932120,86347.08,6e-05,True
1741445932120,86347.03,0.00013,True
1741445932120,86347.03,6e-05,True
1741445932120,86347.03,6e-05,True
1741445932120,86346.99,0.00014,True
1741445932120,86346.99,6e-05,True
1741445932120,86346.99,6e-05,True
1741445932120,86346.95,6e-05,True
1741445932120,86346.95,6e-05,True
1741445932120,86346.66,6e-05,True
1741445932120,86346.66,6e-05,True
1741445932120,86346.52,6e-05,True
1741445932120,86346.45,6e-05,True
1741445932120,86346.24,7e-05,True
1741445932120,86346.01,9e-05,True
1741445932120,86346.01,7e-05,True
1741445932120,86346.01,0.0015,True
1741445932146,86346.0,6e-05,True
1741445932146,86346.0,0.0001,True
1741445932146,86346.0,0.0001,True
1741445932146,86346.0,0.0001,True
1741445932146,86346.0,6e-05,True
1741445932146,86346.0,6e-05,True
1741445932146,86346.0,6e-05,True
1741445932146,86346.0,6e-05,True
1741445932146,86346.0,6e-05,True
1741445932146,86346.0,6e-05,True
1741445932146,86346.0,6e-05,True
1741445932146,86345.99,6e-05,True
1741445932146,86345.99,6e-05,True
1741445932146,86345.99,6e-05,True
1741445932146,86345.24,0.00013,True
1741445932146,86345.24,6e-05,True
1741445932146,86345.24,6e-05,True
1741445932146,86345.2,9e-05,True
1741445932146,86345.2,6e-05,True
1741445932146,86345.2,6e-05,True
1741445932146,86344.95,6e-05,True
1741445932146,86344.95,6e-05,True
1741445932146,86344.95,6e-05,True
1741445932146,86344.47,6e-05,True
1741445932146,86344.47,0.00027,True
1741445932146,86344.47,0.00027,True
1741445932146,86344.47,0.0002,True
1741445932146,86344.47,7e-05,True
1741445932146,86344.47,6e-05,True
1741445932146,86344.46,7e-05,True
1741445932146,86344.46,6e-05,True
1741445932146,86344.46,0.0015,True
1741445932315,86344.46,0.00824,False
1741445932315,86344.46,0.01498,False
1741445932458,86344.46,0.00938,False
1741445932466,86344.46,0.00116,False
1741445932760,86344.46,0.02322,False
1741445932936,86344.45,0.00058,True
1741445933195,86344.46,0.02322,False
1741445933291,86344.45,9e-05,True
1741445933615,86344.45,0.01091,True
1741445933615,86344.45,0.0001,True
1741445933615,86344.45,6e-05,True
1741445933615,86344.45,6e-05,True
1741445933615,86344.45,0.00014,True
1741445933615,86344.45,6e-05,True
1741445933615,86344.45,6e-05,True
1741445933615,86344.45,0.00084,True
1741445933615,86344.45,6e-05,True
1741445933615,86344.45,6e-05,True
1741445933615,86344.45,0.00084,True
1741445933615,86344.45,0.0001,True
1741445933615,86344.45,0.0001,True
1741445933615,86344.45,0.0001,True
1741445933615,86344.44,6e-05,True
1741445933615,86344.44,6e-05,True
1741445933615,86344.42,8e-05,True
1741445933615,86344.42,6e-05,True
1741445933615,86344.42,6e-05,True
1741445933615,86344.39,0.00013,True
1741445933615,86344.39,6e-05,True
1741445933615,86344.39,6e-05,True
1741445933615,86344.35,6e-05,True
1741445933615,86344.35,6e-05,True
1741445933615,86344.31,6e-05,True
1741445933615,86344.31,0.00014,True
1741445933615,86344.3,6e-05,True
1741445933615,86344.09,6e-05,True
1741445933615,86344.09,6e-05,True
1741445933615,86344.02,0.0001,True
1741445933615,86344.01,7e-05,True
1741445933615,86344.01,7e-05,True
1741445933615,86343.28,9e-05,True
1741445933615,86343.28,8e-05,True
1741445933615,86343.27,6e-05,True
1741445933615,86343.27,6e-05,True
1741445933641,86343.27,0.02322,False
1741445934080,86343.27,0.02322,False
1741445934308,86343.27,0.00664,False
1741445934398,86343.27,0.00039,False
1741445934507,86343.26,0.00063,True
1741445934528,86343.27,0.02322,False
1741445934612,86343.27,0.00039,False
1741445934966,86343.27,0.02322,False
1741445935299,86343.27,0.00058,False
1741445935419,86343.27,0.02322,False
1741445935645,86343.27,0.00058,False
1741445935676,86343.26,7e-05,True
1741445935680,86343.27,0.00024,False
1741445935860,86343.27,0.02322,False
1741445936305,86343.27,0.02322,False
1741445936391,86343.26,0.01643,True
1741445936752,86343.27,0.02322,False
1741445936926,86343.27,0.00027,False
1741445937193,86343.27,0.02322,False
1741445937468,86343.27,0.00021,False
1741445937639,86343.27,0.00554,False
1741445937639,86343.27,0.01768,False
1741445937799,86343.26,0.00057,True
1741445938015,86343.26,6e-05,True
1741445938015,86343.26,6e-05,True
1741445938015,86343.26,0.0001,True
1741445938015,86343.26,0.00013,True
1741445938015,86343.26,6e-05,True
1741445938015,86343.26,6e-05,True
1741445938015,86343.26,6e-05,True
1741445938015,86343.26,6e-05,True
1741445938015,86343.26,0.02359,True
1741445938015,86343.26,0.00052,True
1741445938015,86343.26,0.0001,True
1741445938015,86343.26,0.0001,True
1741445938015,86343.26,0.0001,True
1741445938015,86343.26,6e-05,True
1741445938015,86343.26,6e-05,True
1741445938015,86343.25,6e-05,True
1741445938015,86343.25,6e-05,True
1741445938015,86343.25,6e-05,True
1741445938015,86343.24,6e-05,True
1741445938015,86343.24,6e-05,True
1741445938015,86343.23,6e-05,True
1741445938015,86343.23,6e-05,True
1741445938015,86343.23,6e-05,True
1741445938015,86343.23,6e-05,True
1741445938015,86343.22,6e-05,True
1741445938015,86343.22,6e-05,True
1741445938015,86343.21,6e-05,True
1741445938015,86343.2,6e-05,True
1741445938015,86343.18,6e-05,True
1741445938015,86342.95,0.00123,True
1741445938015,86342.37,6e-05,True
1741445938015,86342.01,0.00013,True
1741445938015,86342.01,0.00013,True
1741445938015,86342.01,0.00013,True
1741445938015,86342.01,0.0001,True
1741445938015,86341.54,0.01158,True
1741445938015,86341.52,6e-05,True
1741445938015,86340.79,0.00012,True
1741445938015,86340.66,0.0001,True
1741445938015,86340.01,0.00011,True
1741445938015,86340.01,0.00011,True
1741445938015,86340.0,0.0223,True
1741445938015,86339.07,0.00192,True
1741445938031,86338.92,0.00059,False
1741445938071,86338.91,0.00013,True
1741445938084,86338.92,0.02322,False
1741445938127,86338.92,0.00069,False
1741445938134,86338.92,0.00069,False
1741445938539,86338.92,0.02322,False
1741445938728,86338.91,6e-05,True
1741445938728,86338.91,6e-05,True
1741445938728,86338.91,6e-05,True
1741445938728,86338.91,6e-05,True
1741445938728,86338.91,0.00014,True
1741445938728,86338.91,0.00021,True
1741445938728,86338.91,6e-05,True
1741445938728,86338.91,0.00174,True
1741445938728,86338.91,6e-05,True
1741445938728,86338.91,0.0001,True
1741445938728,86338.91,0.0001,True
1741445938728,86338.91,0.0001,True
1741445938728,86338.91,7e-05,True
1741445938728,86338.91,0.00015,True
1741445938728,86338.91,0.00021,True
1741445938728,86338.91,0.00015,True
1741445938728,86338.91,0.00015,True
1741445938728,86338.9,6e-05,True
1741445938728,86338.9,6e-05,True
1741445938728,86338.87,6e-05,True
1741445938728,86338.87,6e-05,True
1741445938728,86338.86,0.00013,True
1741445938728,86338.86,6e-05,True
1741445938728,86338.86,6e-05,True
1741445938728,86338.83,6e-05,True
1741445938728,86338.83,6e-05,True
1741445938728,86338.83,0.00027,True
1741445938728,86338.81,6e-05,True
1741445938728,86338.8,0.00014,True
1741445938728,86338.8,6e-05,True
1741445938728,86338.76,6e-05,True
1741445938728,86338.75,3e-05,True
1741445938728,86338.75,0.00011,True
1741445938728,86338.68,0.00422,True
1741445938728,86338.18,7e-05,True
1741445938728,86338.17,7e-05,True
1741445938728,86338.09,6e-05,True
1741445938992,86337.56,0.00547,False
1741445938992,86337.56,0.01775,False
1741445939400,86337.56,0.0001,False
1741445939444,86337.56,0.02322,False
1741445939754,86337.56,0.00018,False
1741445939890,86337.56,0.02322,False
1741445940056,86337.56,0.00086,False
1741445940074,86337.55,0.00035,True
1741445940335,86337.56,0.00938,False
1741445940335,86337.56,0.01384,False
1741445940436,86337.56,0.002,False
1741445940616,86337.56,0.0001,False
1741445940706,86337.56,0.00157,False
1741445940786,86337.56,0.02322,False
1741445941231,86337.56,0.02322,False
1741445941315,86337.55,0.01123,True
1741445941315,86337.55,6e-05,True
1741445941315,86337.55,6e-05,True
1741445941315,86337.55,6e-05,True
1741445941315,86337.55,7e-05,True
1741445941315,86337.55,0.00013,True
1741445941315,86337.55,6e-05,True
1741445941315,86337.55,6e-05,True
1741445941315,86337.55,6e-05,True
1741445941315,86337.55,7e-05,True
1741445941315,86337.54,6e-05,True
1741445941315,86337.54,6e-05,True
1741445941315,86337.51,6e-05,True
1741445941315,86337.51,6e-05,True
1741445941315,86337.5,0.00013,True
1741445941315,86337.5,6e-05,True
1741445941315,86337.5,6e-05,True
1741445941315,86337.49,6e-05,True
1741445941315,86337.49,6e-05,True
1741445941315,86337.47,6e-05,True
1741445941315,86337.46,0.00013,True
1741445941315,86337.46,6e-05,True
1741445941315,86337.44,6e-05,True
1741445941315,86337.42,0.00014,True
1741445941315,86337.23,6e-05,True
1741445941315,86336.38,0.00123,True
1741445941315,86336.37,6e-05,True
1741445941315,86336.03,0.00015,True
1741445941315,86336.03,0.00015,True
1741445941315,86336.03,0.00015,True
1741445941315,86336.02,8e-05,True
1741445941315,86336.01,9e-05,True
1741445941315,86336.01,9e-05,True
1741445941315,86335.51,6e-05,True
1741445941315,86334.44,8e-05,True
1741445941315,86334.4,8e-05,True
1741445941315,86334.4,8e-05,True
1741445941315,86334.19,0.003,True
1741445941315,86334.04,0.00132,True
1741445941315,86334.0,0.0223,True
1741445941417,86333.95,0.0084,False
1741445941556,86333.95,0.00057,False
1741445941687,86333.95,0.02322,False
1741445941785,86333.95,0.00014,False
1741445941914,86333.95,0.00011,False
1741445942161,86333.95,0.02322,False
1741445942839,86333.95,0.00116,False
1741445943407,86333.94,0.0002,True
1741445943704,86333.95,7e-05,False
1741445944420,86333.95,0.00302,False
1741445944594,86333.94,0.00057,True
1741445944620,86333.94,0.00635,True
1741445944706,86333.95,0.00139,False
1741445944934,86333.94,0.09566,True
1741445944934,86333.94,6e-05,True
1741445944934,86333.94,6e-05,True
1741445944934,86333.94,6e-05,True
1741445944934,86333.94,6e-05,True
1741445944934,86333.94,0.00018,True
1741445944934,86333.94,0.00013,True
1741445944934,86333.94,0.00085,True
1741445944934,86333.94,0.00085,True
1741445944934,86333.94,0.03029,True
1741445944934,86333.94,6e-05,True
1741445944934,86333.94,0.00084,True
1741445944934,86333.94,0.0001,True
1741445944934,86333.94,6e-05,True
1741445944934,86333.94,6e-05,True
1741445944934,86333.94,6e-05,True
1741445944937,86333.93,6e-05,True
1741445944937,86333.93,6e-05,True
1741445944937,86333.9,0.00013,True
1741445944937,86333.9,6e-05,True
1741445944937,86333.9,6e-05,True
1741445944937,86333.89,6e-05,True
1741445944937,86333.89,6e-05,True
1741445944937,86333.88,6e-05,True
1741445944937,86333.88,6e-05,True
1741445944937,86333.87,6e-05,True
1741445944937,86333.87,0.00014,True
1741445944937,86333.86,6e-05,True
1741445944937,86333.84,0.00014,True
1741445944937,86333.84,6e-05,True
1741445944937,86333.76,0.05215,True
1741445944937,86333.73,8e-05,True
1741445944945,86333.76,0.00195,True
1741445944946,86333.76,0.00105,True
1741445944946,86333.76,6e-05,True
1741445944946,86333.76,6e-05,True
1741445944946,86333.76,6e-05,True
1741445944946,86333.43,0.00013,True
1741445944946,86333.31,0.0001,True
1741445944952,86332.94,6e-05,True
1741445944952,86332.03,9e-05,True
1741445944952,86332.03,7e-05,True
1741445944973,86332.02,6e-05,True
1741445944974,86332.01,0.00011,True
1741445944974,86332.01,0.00011,True
1741445944974,86332.0,0.08578,True
1741445944974,86332.0,0.01447,True
1741445944974,86331.51,0.01158,True
1741445944975,86331.28,6e-05,True
1741445944975,86330.88,0.0001,True
1741445944975,86330.72,0.0005,True
1741445944975,86330.53,0.00013,True
1741445944975,86330.53,7e-05,True
1741445944975,86330.52,0.08437,True
1741445944975,86330.52,0.01261,True
1741445944977,86330.52,0.01986,True
1741445944977,86330.52,6e-05,True
1741445944977,86330.52,6e-05,True
1741445944977,86330.51,0.00014,True
1741445944977,86329.82,0.00123,True
1741445945015,86329.82,6e-05,True
1741445945015,86329.64,7e-05,True
1741445945015,86329.64,6e-05,True
1741445945015,86329.57,6e-05,True
1741445945015,86329.51,6e-05,True
1741445945052,86329.38,6e-05,True
1741445945052,86329.38,6e-05,True
1741445945052,86329.38,0.0001,True
1741445945052,86329.3,0.00027,True
1741445945052,86329.3,7e-05,True
1741445945052,86329.3,6e-05,True
1741445945052,86329.22,0.00012,True
1741445945052,86329.22,6e-05,True
1741445945082,86328.96,6e-05,True
1741445945082,86328.96,6e-05,True
1741445945082,86328.96,0.0001,True
1741445945082,86328.96,6e-05,True
1741445945082,86328.96,6e-05,True
1741445945082,86328.96,6e-05,True
1741445945082,86328.96,6e-05,True
1741445945082,86328.96,6e-05,True
1741445945082,86328.96,6e-05,True
1741445945087,86328.96,6e-05,True
1741445945088,86328.96,6e-05,True
1741445945088,86328.65,6e-05,True
1741445945088,86328.65,6e-05,True
1741445945088,86328.36,0.00582,True
1741445945090,86328.36,0.00404,True
1741445945098,86328.36,6e-05,True
1741445945104,86328.36,0.00019,True
1741445945104,86328.36,6e-05,True
1741445945104,86328.36,2e-05,True
1741445945105,86328.36,4e-05,True
1741445945105,86328.36,2e-05,True
1741445945152,86328.36,0.0001,True
1741445945152,86328.36,6e-05,True
1741445945152,86328.36,6e-05,True
1741445945152,86328.36,6e-05,True
1741445945152,86328.36,6e-05,True
1741445945152,86328.36,0.0001,True
1741445945152,86328.36,6e-05,True
1741445945152,86328.36,6e-05,True
1741445945152,86328.36,6e-05,True
1741445945152,86328.36,6e-05,True
1741445945152,86328.36,6e-05,True
1741445945152,86328.36,6e-05,True
1741445945152,86328.36,6e-05,True
1741445945152,86328.35,0.00028,True
1741445945152,86328.1,0.00066,True
1741445945164,86328.1,0.00012,True
1741445945222,86328.1,0.00027,True
1741445945222,86328.1,6e-05,True
1741445945222,86328.1,6e-05,True
1741445945222,86328.1,0.0001,True
1741445945222,86328.1,6e-05,True
1741445945222,86328.1,6e-05,True
1741445945222,86328.1,6e-05,True
1741445945222,86328.1,6e-05,True
1741445945222,86328.1,6e-05,True
1741445945222,86328.1,6e-05,True
1741445945222,86328.09,6e-05,True
1741445945222,86328.09,6e-05,True
1741445945222,86328.05,0.00013,True
1741445945222,86328.05,6e-05,True
1741445945222,86328.05,6e-05,True
1741445945222,86327.99,0.00014,True
1741445945222,86327.99,6e-05,True
1741445945222,86327.99,6e-05,True
1741445945222,86327.79,6e-05,True
1741445945222,86327.79,6e-05,True
1741445945222,86327.67,0.00041,True
1741445945222,86327.67,0.00041,True
1741445945222,86327.67,6e-05,True
1741445945222,86327.66,0.00794,True
1741445945228,86327.66,0.0018,True
1741445945234,86327.66,0.0003,True
1741445945258,86327.66,0.00152,True
1741445945286,86327.66,2e-05,True
1741445945286,86327.66,6e-05,True
1741445945286,86327.66,6e-05,True
1741445945286,86327.66,6e-05,True
1741445945286,86327.66,6e-05,True
1741445945286,86327.66,6e-05,True
1741445945286,86327.66,6e-05,True
1741445945286,86327.66,0.0001,True
1741445945286,86327.66,6e-05,True
1741445945286,86327.66,4e-05,True
1741445945286,86327.66,6e-05,True
1741445945287,86327.66,0.00088,True
1741445945316,86327.67,0.00021,False
1741445945321,86327.66,0.00245,True
1741445945321,86327.66,6e-05,True
1741445945355,86327.66,0.00245,True
1741445945356,86327.66,0.002,True
1741445945356,86327.66,0.00013,True
1741445945356,86327.66,6e-05,True
1741445945356,86327.66,0.0001,True
1741445945356,86327.66,6e-05,True
1741445945356,86327.66,6e-05,True
1741445945356,86327.66,6e-05,True
1741445945356,86327.66,6e-05,True
1741445945356,86327.66,6e-05,True
1741445945356,86327.66,6e-05,True
1741445945356,86327.66,0.00462,True
1741445945356,86327.48,6e-05,True
1741445945356,86327.48,6e-05,True
1741445945356,86327.19,0.00174,True
1741445945356,86327.19,6e-05,True
1741445945356,86327.19,6e-05,True
1741445945356,86327.03,6e-05,True
1741445945356,86327.03,6e-05,True
1741445945356,86326.93,6e-05,True
1741445945356,86326.93,6e-05,True
1741445945356,86326.93,6e-05,True
1741445945356,86326.88,0.00012,True
1741445945356,86326.88,6e-05,True
1741445945356,86326.08,6e-05,True
1741445945356,86326.01,0.00011,True
1741445945356,86326.01,6e-05,True
1741445945356,86325.13,0.00013,True
1741445945356,86325.13,0.00013,True
1741445945356,86325.13,8e-05,True
1741445945356,86325.13,8e-05,True
1741445945363,86325.12,6e-05,True
1741445945363,86325.12,0.0001,True
1741445945363,86325.12,6e-05,True
1741445945363,86325.12,6e-05,True
1741445945363,86325.12,6e-05,True
1741445945363,86325.12,6e-05,True
1741445945363,86325.12,6e-05,True
1741445945363,86325.12,6e-05,True
1741445945363,86325.12,6e-05,True
1741445945363,86324.01,9e-05,True
1741445945363,86324.01,9e-05,True
1741445945363,86324.01,6e-05,True
1741445945363,86324.01,6e-05,True
1741445945363,86324.01,6e-05,True
1741445945363,86324.01,6e-05,True
1741445945363,86324.01,0.0001,True
1741445945365,86324.0,6e-05,True
1741445945365,86324.0,6e-05,True
1741445945365,86324.0,6e-05,True
1741445945674,86324.0,0.0001,True
1741445945674,86324.0,4e-05,True
1741445945829,86324.01,0.00145,False
1741445946132,86324.01,0.00023,False
1741445946432,86324.0,2e-05,True
1741445946432,86324.0,6e-05,True
1741445946432,86324.0,6e-05,True
1741445946432,86324.0,6e-05,True
1741445946432,86324.0,2e-05,True
1741445946534,86324.01,9e-05,False
1741445946720,86324.01,0.001,False
1741445947044,86324.0,4e-05,True
1741445947044,86324.0,0.00022,True
1741445947044,86324.0,0.00013,True
1741445947044,86324.0,6e-05,True
1741445947044,86324.0,6e-05,True
1741445947044,86324.0,6e-05,True
1741445947044,86324.0,6e-05,True
1741445947044,86324.0,6e-05,True
1741445947044,86324.0,0.00232,True
1741445947061,86324.01,6e-05,False
1741445947061,86324.01,6e-05,False
1741445947061,86324.01,6e-05,False
1741445947061,86324.01,0.00014,False
1741445947061,86324.01,6e-05,False
1741445947061,86324.01,0.00084,False
1741445947061,86324.01,0.00394,False
1741445947061,86324.01,0.00084,False
1741445947061,86324.01,0.00013,False
1741445947061,86324.01,0.00086,False
1741445947061,86324.01,0.00503,False
1741445947061,86324.01,6e-05,False
1741445947061,86324.01,0.0001,False
1741445947061,86324.01,6e-05,False
1741445947061,86324.01,0.00878,False
1741445947061,86324.01,0.00063,False
1741445947061,86324.01,6e-05,False
1741445947061,86324.01,0.0001,False
1741445947061,86324.01,0.0001,False
1741445947061,86324.01,0.0023,False
1741445947061,86324.01,6e-05,False
1741445947061,86324.02,6e-05,False
1741445947061,86324.02,6e-05,False
1741445947061,86324.03,0.00056,False
1741445947061,86324.03,6e-05,False
1741445947061,86324.03,6e-05,False
1741445947061,86324.04,6e-05,False
1741445947061,86324.04,6e-05,False
1741445947061,86324.09,6e-05,False
1741445947061,86324.09,6e-05,False
1741445947061,86324.09,7e-05,False
1741445947061,86324.09,7e-05,False
1741445947061,86324.09,7e-05,False
1741445947061,86324.1,6e-05,False
1741445947061,86324.1,0.02,False
1741445947061,86324.1,6e-05,False
1741445947061,86324.1,6e-05,False
1741445947061,86324.11,6e-05,False
1741445947061,86324.19,6e-05,False
1741445947061,86324.19,7e-05,False
1741445947061,86324.19,7e-05,False
1741445947061,86324.19,7e-05,False
1741445947061,86324.2,0.0198,False
1741445947063,86324.2,0.0002,False
1741445947063,86324.2,6e-05,False
1741445947063,86324.2,0.0001,False
1741445947063,86324.2,0.0001,False
1741445947063,86324.2,0.0001,False
1741445947063,86324.2,6e-05,False
1741445947063,86325.12,0.0015,False
1741445947063,86325.13,0.002,False
1741445947063,86325.21,6e-05,False
1741445947063,86325.32,7e-05,False
1741445947063,86325.32,7e-05,False
1741445947063,86325.32,7e-05,False
1741445947156,86325.33,6e-05,False
1741445947156,86325.33,0.0001,False
1741445947156,86325.33,0.0001,False
1741445947156,86325.33,0.0001,False
1741445947156,86325.33,0.00013,False
1741445947156,86325.33,6e-05,False
1741445947156,86325.33,6e-05,False
1741445947156,86325.33,6e-05,False
1741445947156,86325.33,6e-05,False
1741445947156,86325.33,6e-05,False
1741445947156,86325.33,6e-05,False
1741445947156,86325.33,6e-05,False
1741445947156,86325.33,6e-05,False
1741445947156,86325.34,6e-05,False
1741445947156,86325.34,6e-05,False
1741445947156,86325.35,0.00054,False
1741445947156,86325.35,6e-05,False
1741445947156,86325.35,6e-05,False
1741445947156,86325.72,7e-05,False
1741445947156,86325.72,7e-05,False
1741445947156,86325.72,8e-05,False
1741445947156,86325.72,8e-05,False
1741445947156,86325.72,8e-05,False
1741445947156,86325.72,6e-05,False
1741445947156,86325.72,6e-05,False
1741445947156,86325.72,0.0015,False
1741445947156,86325.72,7e-05,False
1741445947159,86325.73,0.01158,False
1741445947159,86325.73,6e-05,False
1741445947159,86325.73,6e-05,False
1741445947159,86325.73,0.0001,False
1741445947159,86325.73,0.0001,False
1741445947159,86326.07,6e-05,False
1741445947159,86327.0,6e-05,False
1741445947159,86327.12,6e-05,False
1741445947159,86329.99,7e-05,False
1741445947159,86329.99,7e-05,False
1741445947159,86329.99,7e-05,False
1741445947162,86330.0,0.00045,False
1741445947162,86330.0,6e-05,False
1741445947162,86330.0,6e-05,False
1741445947162,86330.0,7e-05,False
1741445947162,86330.0,0.0001,False
1741445947162,86330.0,0.0001,False
1741445947162,86330.0,0.0001,False
1741445947162,86330.0,7e-05,False
1741445947162,86330.0,6e-05,False
1741445947162,86330.0,7e-05,False
1741445947162,86330.01,0.00142,False
1741445947162,86330.01,4e-05,False
1741445947162,86330.01,2e-05,False
1741445947162,86330.36,6e-05,False
1741445947162,86331.1,7e-05,False
1741445947162,86331.1,7e-05,False
1741445947162,86331.1,6e-05,False
1741445947162,86331.1,7e-05,False
1741445947216,86331.11,0.01158,False
1741445947216,86331.11,0.001,False
1741445947216,86331.11,6e-05,False
1741445947216,86331.11,0.00111,False
1741445947216,86331.11,6e-05,False
1741445947216,86331.11,6e-05,False
1741445947216,86331.11,6e-05,False
1741445947216,86331.11,6e-05,False
1741445947216,86331.11,6e-05,False
1741445947216,86331.11,0.0001,False
1741445947216,86331.11,0.0001,False
1741445947216,86331.11,6e-05,False
1741445947216,86331.11,0.0001,False
1741445947216,86331.11,6e-05,False
1741445947216,86331.11,0.00013,False
1741445947216,86331.11,6e-05,False
1741445947216,86331.11,6e-05,False
1741445947216,86331.12,0.00029,False
1741445947216,86331.12,6e-05,False
1741445947216,86331.12,6e-05,False
1741445947216,86331.13,0.00053,False
1741445947216,86331.13,6e-05,False
1741445947216,86331.13,6e-05,False
1741445947216,86331.21,6e-05,False
1741445947216,86331.21,6e-05,False
1741445947216,86331.21,6e-05,False
1741445947216,86331.22,0.00013,False
1741445947216,86331.87,0.00031,False
1741445947216,86331.87,0.00031,False
1741445947216,86331.87,0.00031,False
1741445947216,86331.87,6e-05,False
1741445947216,86331.87,6e-05,False
1741445947216,86331.88,6e-05,False
1741445947216,86331.89,6e-05,False
1741445947216,86331.99,6e-05,False
1741445947216,86334.32,7e-05,False
1741445947216,86334.32,7e-05,False
1741445947216,86334.32,7e-05,False
1741445947405,86334.33,0.00026,False
1741445947531,86334.33,0.0025,False
1741445947915,86334.33,6e-05,False
1741445947915,86334.33,6e-05,False
1741445947915,86334.33,6e-05,False
1741445947915,86334.33,6e-05,False
1741445947915,86334.33,6e-05,False
1741445947915,86334.33,0.00013,False
1741445947915,86334.33,6e-05,False
1741445947915,86334.33,0.0001,False
1741445947915,86334.33,0.00016,False
1741445947915,86334.33,0.00013,False
1741445947915,86334.33,6e-05,False
1741445947915,86334.33,0.0001,False
1741445947915,86334.33,0.0001,False
1741445947915,86334.33,0.0001,False
1741445947915,86334.33,6e-05,False
1741445947915,86334.33,0.00012,False
1741445947915,86334.33,0.00012,False
1741445947915,86334.33,0.00012,False
1741445947915,86334.33,0.00057,False
1741445947915,86334.33,6e-05,False
1741445947915,86334.34,6e-05,False
1741445947915,86334.34,6e-05,False
1741445947915,86334.34,0.00055,False
1741445947915,86334.35,6e-05,False
1741445947915,86334.35,6e-05,False
1741445947915,86334.44,0.00014,False
1741445947915,86334.44,6e-05,False
1741445947915,86334.44,6e-05,False
1741445947915,86334.64,6e-05,False
1741445947915,86334.64,6e-05,False
1741445947915,86334.64,6e-05,False
1741445947915,86334.79,0.00012,False
1741445947915,86334.79,6e-05,False
1741445947915,86335.17,0.00012,False
1741445947915,86335.17,6e-05,False
1741445947915,86335.5,6e-05,False
1741445947915,86335.5,6e-05,False
1741445947915,86336.04,0.00129,False
1741445947915,86336.36,6e-05,False
1741445947915,86336.83,0.00014,False
1741445947915,86336.94,7e-05,False
1741445947915,86336.94,7e-05,False
1741445947915,86336.94,7e-05,False
1741445947915,86336.95,0.01158,False
1741445947915,86337.0,7e-05,False
1741445947915,86337.0,7e-05,False
1741445947915,86337.0,7e-05,False
1741445947915,86337.01,0.01012,False
1741445947915,86337.55,7e-05,False
1741445947915,86337.55,7e-05,False
1741445947915,86337.55,7e-05,False
1741445948118,86337.56,0.0003,False
1741445948118,86337.56,8e-05,False
1741445948118,86337.56,0.17727,False
1741445948118,86337.56,0.06575,False
1741445948118,86337.56,0.5101,False
1741445948119,86337.56,0.24688,False
1741445948119,86337.56,6e-05,False
1741445948119,86337.56,6e-05,False
1741445948119,86337.56,0.08571,False
1741445948119,86337.56,6e-05,False
1741445948119,86337.56,6e-05,False
1741445948119,86337.56,6e-05,False
1741445948119,86337.56,0.00016,False
1741445948119,86337.56,0.00014,False
1741445948119,86337.56,6e-05,False
1741445948119,86337.56,0.0001,False
1741445948119,86337.56,6e-05,False
1741445948119,86337.56,0.00013,False
1741445948119,86337.56,6e-05,False
1741445948119,86337.57,0.00052,False
1741445948119,86337.57,6e-05,False
1741445948119,86337.57,6e-05,False
1741445948119,86337.64,0.00013,False
1741445948119,86337.64,6e-05,False
1741445948119,86337.64,6e-05,False
1741445948119,86337.65,6e-05,False
1741445948119,86337.65,6e-05,False
1741445948121,86337.96,0.00018,False
1741445948121,86337.96,0.00018,False
1741445948121,86337.96,6e-05,False
1741445948121,86337.96,0.00018,False
1741445948121,86337.96,6e-05,False
1741445948121,86337.97,0.0046,False
1741445948121,86337.97,6e-05,False
1741445948121,86337.99,6e-05,False
1741445948121,86338.0,6e-05,False
1741445948121,86339.27,7e-05,False
1741445948121,86339.27,7e-05,False
1741445948121,86339.27,7e-05,False
1741445948121,86339.28,0.01158,False
1741445948121,86339.35,0.00014,False
1741445948124,86340.23,7e-05,False
1741445948124,86339.79,6e-05,False
1741445948124,86339.79,6e-05,False
1741445948124,86341.99,7e-05,False
1741445948124,86341.99,7e-05,False
1741445948124,86341.99,7e-05,False
1741445948168,86342.0,0.00052,False
1741445948168,86342.0,6e-05,False
1741445948168,86342.0,6e-05,False
1741445948168,86342.0,6e-05,False
1741445948168,86342.0,0.0001,False
1741445948168,86342.0,0.0001,False
1741445948168,86342.0,6e-05,False
1741445948168,86342.0,6e-05,False
1741445948168,86342.0,0.0001,False
1741445948168,86342.0,6e-05,False
1741445948168,86342.0,6e-05,False
1741445948168,86342.0,6e-05,False
1741445948168,86342.01,0.00055,False
1741445948168,86342.01,0.00022,False
1741445948168,86342.01,6e-05,False
1741445948168,86342.01,6e-05,False
1741445948168,86342.45,6e-05,False
1741445948168,86342.45,6e-05,False
1741445948168,86342.45,0.00023,False
1741445948168,86342.45,0.00023,False
1741445948168,86342.45,0.00023,False
1741445948168,86342.46,6e-05,False
1741445948168,86342.46,6e-05,False
1741445948168,86342.58,0.00123,False
1741445948168,86342.58,6e-05,False
1741445948168,86342.58,6e-05,False
1741445948168,86343.71,7e-05,False
1741445948168,86343.71,7e-05,False
1741445948168,86343.71,6e-05,False
1741445948168,86343.71,7e-05,False
1741445948215,86343.72,0.01158,False
1741445948215,86343.72,0.0001,False
1741445948215,86343.72,0.0001,False
1741445948215,86343.72,0.0001,False
1741445948215,86343.72,6e-05,False
1741445948215,86343.72,0.00114,False
1741445948215,86343.72,6e-05,False
1741445948215,86343.72,6e-05,False
1741445948215,86343.72,6e-05,False
1741445948215,86343.72,6e-05,False
1741445948215,86343.72,6e-05,False
1741445948215,86343.72,6e-05,False
1741445948215,86343.72,6e-05,False
1741445948215,86343.73,0.00053,False
1741445948215,86343.73,6e-05,False
