timestamp,price,volume,is_ask
1741802666285,81931.46,0.0001,False
1741802666285,81931.46,0.0001,False
1741802666285,81931.46,0.0001,False
1741802666285,81931.46,0.00014,False
1741802666285,81931.46,0.0001,False
1741802666285,81931.46,7e-05,False
1741802666285,81931.46,7e-05,False
1741802666285,81931.46,7e-05,False
1741802666285,81931.46,0.0002,False
1741802666285,81931.46,0.0002,False
1741802666285,81931.46,7e-05,False
1741802666285,81931.46,7e-05,False
1741802666285,81931.46,0.0001,False
1741802666285,81931.46,7e-05,False
1741802666285,81931.46,0.0001,False
1741802666285,81931.46,7e-05,False
1741802666285,81931.46,0.0001,False
1741802666285,81931.46,7e-05,False
1741802666285,81931.46,7e-05,False
1741802666285,81931.46,0.0001,False
1741802666285,81931.46,0.0001,False
1741802666285,81931.46,7e-05,False
1741802666285,81931.46,7e-05,False
1741802666285,81931.46,0.0001,False
1741802666285,81931.46,7e-05,False
1741802666285,81931.46,0.0001,False
1741802666285,81931.46,7e-05,False
1741802666285,81931.46,0.0001,False
1741802666285,81931.46,0.0001,False
1741802666285,81931.46,0.00611,False
1741802666285,81931.47,0.00013,False
1741802666285,81931.47,0.00013,False
1741802666285,81931.47,0.00014,False
1741802666285,81931.47,7e-05,False
1741802666285,81931.47,0.0001,False
1741802666285,81931.7,7e-05,False
1741802666285,81931.71,7e-05,False
1741802666285,81931.96,7e-05,False
1741802666285,81931.98,7e-05,False
1741802666385,81932.19,7e-05,False
1741802666385,81932.19,0.0001,False
1741802666385,81932.19,0.0001,False
1741802666385,81932.19,0.0001,False
1741802666385,81932.19,7e-05,False
1741802666385,81932.19,7e-05,False
1741802666385,81932.19,7e-05,False
1741802666385,81932.19,7e-05,False
1741802666385,81932.2,0.0001,False
1741802666385,81932.2,7e-05,False
1741802666385,81932.2,0.00014,False
1741802666385,81932.2,0.00014,False
1741802666385,81932.85,7e-05,False
1741802666385,81932.85,7e-05,False
1741802666385,81932.86,0.0142,False
1741802666385,81932.86,7e-05,False
1741802666385,81933.01,7e-05,False
1741802666385,81933.01,7e-05,False
1741802666385,81933.75,0.00301,False
1741802666385,81933.75,0.00101,False
1741802666385,81933.83,7e-05,False
1741802666385,81937.6,7e-05,False
1741802666385,81937.68,0.00018,False
1741802666385,81937.99,0.00019,False
1741802666385,81937.99,0.00019,False
1741802666385,81939.3,7e-05,False
1741802666385,81939.3,9e-05,False
1741802666385,81939.3,9e-05,False
1741802666385,81939.3,0.0001,False
1741802666679,81939.31,7e-05,False
1741802666679,81939.31,7e-05,False
1741802666679,81939.31,7e-05,False
1741802666679,81939.31,7e-05,False
1741802666679,81939.31,7e-05,False
1741802666679,81939.31,0.0002,False
1741802666679,81939.31,8e-05,False
1741802666679,81939.31,0.00014,False
1741802666679,81939.31,0.0001,False
1741802666679,81939.31,0.0001,False
1741802666679,81939.31,0.0001,False
1741802666679,81939.32,0.00035,False
1741802666679,81939.32,7e-05,False
1741802666679,81939.32,0.00013,False
1741802666679,81939.32,0.00013,False
1741802666679,81939.32,0.00014,False
1741802666679,81939.32,0.0001,False
1741802666679,81939.5,7e-05,False
1741802666679,81939.5,8e-05,False
1741802666679,81939.5,8e-05,False
1741802666679,81939.5,8e-05,False
1741802666679,81939.51,7e-05,False
1741802666679,81939.6,7e-05,False
1741802666679,81939.6,7e-05,False
1741802666679,81939.66,0.003,False
1741802666679,81940.42,7e-05,False
1741802666679,81942.0,0.00066,False
1741802666679,81942.33,0.00023,False
1741802666679,81942.89,7e-05,False
1741802666679,81943.09,0.00269,False
1741802666679,81943.69,0.00029,False
1741802666679,81943.69,0.00029,False
1741802666679,81943.69,9e-05,False
1741802666679,81943.69,9e-05,False
1741802666679,81943.69,8e-05,False
1741802666679,81943.97,0.00013,False
1741802666679,81944.63,0.00013,False
1741802666679,81945.9,7e-05,False
1741802666679,81946.05,7e-05,False
1741802666679,81946.05,8e-05,False
1741802666774,81947.85,0.003,False
1741802666774,81947.85,7e-05,False
1741802666774,81947.85,7e-05,False
1741802666774,81947.85,0.0001,False
1741802666774,81947.85,0.0001,False
1741802666774,81947.85,0.0001,False
1741802666774,81947.85,7e-05,False
1741802666774,81947.85,7e-05,False
1741802666774,81947.85,7e-05,False
1741802666774,81947.86,0.00043,False
1741802666774,81947.86,7e-05,False
1741802666774,81947.86,0.0001,False
1741802666774,81947.86,0.00014,False
1741802666774,81947.86,0.00013,False
1741802666774,81947.91,0.00013,False
1741802666774,81947.91,7e-05,False
1741802666774,81948.49,0.00024,False
1741802666774,81948.49,0.00024,False
1741802666774,81948.49,0.00031,False
1741802666774,81948.49,7e-05,False
1741802666774,81948.88,7e-05,False
1741802666774,81948.88,7e-05,False
1741802666774,81948.89,0.01733,False
1741802666774,81948.91,9e-05,False
1741802666774,81948.91,8e-05,False
1741802666774,81948.91,8e-05,False
1741802667234,81950.05,7e-05,False
1741802667234,81950.05,2e-05,False
1741802667421,81950.04,7e-05,True
1741802667421,81950.04,0.00102,True
1741802667614,81950.04,0.00275,True
1741802667626,81950.05,5e-05,False
1741802667626,81950.05,0.00014,False
1741802667626,81950.05,0.0074,False
1741802668021,81950.05,7e-05,False
1741802668021,81950.05,7e-05,False
1741802668021,81950.05,7e-05,False
1741802668021,81950.05,0.0001,False
1741802668021,81950.05,7e-05,False
1741802668021,81950.05,7e-05,False
1741802668021,81950.05,7e-05,False
1741802668021,81950.05,7e-05,False
1741802668021,81950.05,4e-05,False
1741802668163,81950.05,0.00687,False
1741802668470,81950.04,8e-05,True
1741802668941,81950.05,0.00523,False
1741802669956,81950.05,0.00101,False
1741802670237,81950.05,0.00013,False
1741802670237,81950.05,7e-05,False
1741802670237,81950.05,7e-05,False
1741802670237,81950.05,7e-05,False
1741802670237,81950.05,7e-05,False
1741802670237,81950.05,0.0001,False
1741802670237,81950.05,7e-05,False
1741802670237,81950.05,0.00128,False
1741802670237,81950.05,0.00041,False
1741802670237,81950.05,0.0001,False
1741802670237,81950.05,0.0001,False
1741802670237,81950.05,7e-05,False
1741802670237,81950.06,0.00011,False
1741802670237,81950.06,0.00014,False
1741802670237,81950.06,0.00014,False
1741802670237,81950.06,0.00013,False
1741802670237,81950.06,7e-05,False
1741802670237,81950.06,0.0001,False
1741802670237,81950.13,7e-05,False
1741802670237,81950.14,7e-05,False
1741802670237,81950.15,7e-05,False
1741802670237,81950.3,7e-05,False
1741802670237,81950.46,0.0001,False
1741802670237,81950.46,0.0001,False
1741802670237,81950.47,7e-05,False
1741802670237,81950.47,8e-05,False
1741802670237,81950.47,8e-05,False
1741802670271,81950.48,7e-05,False
1741802670271,81950.48,7e-05,False
1741802670271,81950.48,7e-05,False
1741802670271,81950.48,7e-05,False
1741802670271,81950.48,7e-05,False
1741802670271,81950.49,7e-05,False
1741802670271,81951.12,7e-05,False
1741802670271,81951.43,8e-05,False
1741802670271,81951.43,7e-05,False
1741802670271,81951.43,7e-05,False
1741802670271,81951.43,0.00014,False
1741802670271,81951.43,7e-05,False
1741802670567,81951.79,0.00024,True
1741802670915,81951.8,7e-05,False
1741802670915,81951.8,7e-05,False
1741802670915,81951.8,0.00013,False
1741802670915,81951.8,7e-05,False
1741802670915,81951.8,7e-05,False
1741802670915,81951.8,0.0103,False
1741802670915,81951.8,0.0001,False
1741802670915,81951.8,0.0001,False
1741802670915,81951.8,0.0001,False
1741802670915,81951.8,7e-05,False
1741802670915,81951.81,8e-05,False
1741802670915,81951.81,7e-05,False
1741802670915,81951.81,0.00014,False
1741802670915,81951.81,0.00014,False
1741802670915,81951.81,0.00013,False
1741802670915,81951.81,0.0001,False
1741802670915,81951.94,7e-05,False
1741802670915,81952.97,7e-05,False
1741802670915,81953.77,7e-05,False
1741802670915,81953.91,7e-05,False
1741802671233,81953.92,0.0001,False
1741802671233,81953.92,0.0001,False
1741802671233,81953.92,7e-05,False
1741802671233,81953.92,7e-05,False
1741802671233,81953.92,7e-05,False
1741802671233,81953.92,7e-05,False
1741802671233,81953.92,0.0001,False
1741802671233,81953.92,7e-05,False
1741802671233,81953.92,0.00014,False
1741802671233,81953.93,0.0001,False
1741802671233,81953.93,0.00011,False
1741802671233,81953.93,7e-05,False
1741802671233,81953.93,0.00013,False
1741802671233,81953.93,0.00013,False
1741802671233,81953.93,0.00013,False
1741802671233,81954.05,0.00018,False
1741802671233,81954.05,0.00018,False
1741802671233,81954.06,0.00263,False
1741802671233,81954.06,7e-05,False
1741802671233,81954.06,7e-05,False
1741802671233,81954.06,7e-05,False
1741802671233,81954.06,7e-05,False
1741802671233,81954.06,0.0001,False
1741802671246,81954.07,0.00066,False
1741802671403,81954.07,7e-05,False
1741802671403,81954.07,0.0001,False
1741802671403,81954.07,7e-05,False
1741802671403,81954.07,7e-05,False
1741802671403,81954.07,7e-05,False
1741802671403,81954.07,7e-05,False
1741802671403,81954.07,7e-05,False
1741802671403,81954.07,7e-05,False
1741802671403,81954.08,7e-05,False
1741802671403,81954.08,0.00013,False
1741802671403,81954.08,0.00014,False
1741802671403,81954.41,7e-05,False
1741802671403,81954.41,7e-05,False
1741802671403,81955.28,0.00013,False
1741802671403,81955.28,7e-05,False
1741802671403,81955.46,0.00021,False
1741802671403,81955.46,7e-05,False
1741802671403,81955.92,7e-05,False
1741802671403,81955.93,0.00843,False
1741802671403,81956.06,7e-05,False
1741802671403,81957.08,0.003,False
1741802671403,81957.7,7e-05,False
1741802671403,81959.1,0.00013,False
1741802671403,81959.68,0.00037,False
1741802671403,81959.68,7e-05,False
1741802671403,81959.68,9e-05,False
1741802671403,81959.68,0.00028,False
1741802671403,81959.68,0.00028,False
1741802671403,81959.72,0.00023,False
1741802671403,81960.4,0.0003,False
1741802671403,81960.61,0.00013,False
1741802671403,81960.62,0.001,False
1741802671403,81960.82,0.00029,False
1741802671403,81961.12,9e-05,False
1741802671567,81961.21,0.00013,False
1741802671567,81961.21,7e-05,False
1741802671567,81961.21,7e-05,False
1741802671567,81961.21,7e-05,False
1741802671567,81961.21,7e-05,False
1741802671567,81961.21,0.0001,False
1741802671567,81961.21,0.00014,False
1741802671567,81961.21,0.0001,False
1741802671567,81961.21,0.0001,False
1741802671567,81961.21,7e-05,False
1741802671567,81961.22,0.00036,False
1741802671567,81961.22,7e-05,False
1741802671567,81961.22,0.00013,False
1741802671567,81961.22,0.0001,False
1741802671567,81961.22,0.00014,False
1741802671567,81961.22,0.00014,False
1741802671567,81961.6,0.0003,False
1741802671567,81961.6,9e-05,False
1741802671567,81961.6,9e-05,False
1741802671567,81961.6,7e-05,False
1741802671567,81961.61,7e-05,False
1741802671567,81961.73,7e-05,False
1741802671567,81961.82,7e-05,False
1741802671567,81962.36,7e-05,False
1741802671567,81962.37,0.01483,False
1741802671567,81962.5,7e-05,False
1741802671567,81962.64,7e-05,False
1741802671567,81963.0,7e-05,False
1741802671567,81963.01,7e-05,False
1741802671567,81963.01,9e-05,False
1741802671567,81963.01,0.0001,False
1741802671641,81963.02,7e-05,False
1741802671641,81963.02,7e-05,False
1741802671641,81963.02,6e-05,False
1741802671767,81963.02,1e-05,False
1741802671767,81963.02,0.0001,False
1741802671767,81963.02,7e-05,False
1741802671767,81963.02,7e-05,False
1741802671767,81963.02,7e-05,False
1741802672002,81963.02,7e-05,False
1741802672002,81963.02,7e-05,False
1741802672002,81963.02,7e-05,False
1741802672002,81963.02,0.0001,False
1741802672002,81963.02,0.0001,False
1741802672002,81963.02,0.0001,False
1741802672002,81963.02,7e-05,False
1741802672002,81963.02,7e-05,False
1741802672002,81963.02,7e-05,False
1741802672002,81963.02,7e-05,False
1741802672002,81963.02,7e-05,False
1741802672002,81963.02,0.0001,False
1741802672002,81963.02,7e-05,False
1741802672002,81963.02,0.0071,False
1741802672049,81963.02,7e-05,False
1741802672049,81963.02,0.0001,False
1741802672049,81963.02,0.07074,False
1741802672049,81963.02,0.01,False
1741802672049,81963.02,0.32414,False
1741802672049,81963.02,0.04512,False
1741802672049,81963.02,0.45,False
1741802672049,81963.02,7e-05,False
1741802672049,81963.02,7e-05,False
1741802672049,81963.02,7e-05,False
1741802672049,81963.02,7e-05,False
1741802672049,81963.02,7e-05,False
1741802672049,81963.02,0.03858,False
1741802672049,81963.02,0.14392,False
1741802672049,81963.02,0.00014,False
1741802672049,81963.02,0.1229,False
1741802672049,81963.02,0.2558,False
1741802672049,81963.02,8e-05,False
1741802672049,81963.02,0.0001,False
1741802672049,81963.02,7e-05,False
1741802672049,81963.02,0.00121,False
1741802672049,81963.02,0.0915,False
1741802672049,81963.03,7e-05,False
1741802672049,81963.03,0.00013,False
1741802672049,81963.03,0.00014,False
1741802672049,81963.03,0.00014,False
1741802672049,81963.04,0.0001,False
1741802672049,81963.04,7e-05,False
1741802672049,81963.29,7e-05,False
1741802672049,81963.3,7e-05,False
1741802672049,81963.99,7e-05,False
1741802672050,81965.02,0.00095,False
1741802672050,81965.03,0.00263,False
1741802672050,81965.1,7e-05,False
1741802672050,81965.11,7e-05,False
1741802672050,81965.12,0.00516,False
1741802672050,81965.12,0.00112,False
1741802672050,81965.12,0.00388,False
1741802672050,81965.12,0.00612,False
1741802672050,81965.12,0.00271,False
1741802672050,81965.12,0.01874,False
1741802672050,81965.12,0.03589,False
1741802672050,81965.12,0.0076,False
1741802672050,81965.62,7e-05,False
1741802672050,81966.84,0.00027,False
1741802672050,81966.84,0.00027,False
1741802672050,81966.84,0.00027,False
1741802672050,81966.85,0.00034,False
1741802672050,81967.2,0.00013,False
1741802672050,81969.33,0.018,False
1741802672050,81969.35,0.01338,False
1741802672050,81969.57,0.00011,False
1741802672050,81969.57,0.00123,False
1741802672050,81969.57,0.00386,False
1741802672050,81969.57,0.00552,False
1741802672050,81970.05,0.00027,False
1741802672050,81970.71,0.001,False
1741802672050,81970.79,0.00021,False
1741802672050,81970.8,7e-05,False
1741802672050,81971.14,0.00101,False
1741802672050,81971.26,0.00013,False
1741802672050,81971.36,8e-05,False
1741802672050,81971.37,0.26618,False
1741802672051,81971.37,0.01,False
1741802672052,81973.26,0.01803,False
1741802672052,81974.58,7e-05,False
1741802672052,81974.65,0.00303,False
1741802672052,81974.65,0.01887,False
1741802672052,81974.65,0.02113,False
1741802672052,81974.65,0.02,False
1741802672052,81974.95,7e-05,False
1741802672052,81975.3,0.00349,False
1741802672052,81975.3,0.0031,False
1741802672052,81975.3,0.00348,False
1741802672052,81975.87,0.00504,False
1741802672052,81976.0,0.00506,False
1741802672052,81976.41,0.00504,False
1741802672052,81976.59,0.00013,False
1741802672052,81976.71,0.01346,False
1741802672052,81976.71,0.01,False
1741802672053,81976.71,0.00119,False
1741802672053,81977.43,0.00381,False
1741802672053,81977.43,0.005,False
1741802672126,81974.92,0.00019,False
1741802672409,81974.91,7e-05,True
1741802672409,81974.91,7e-05,True
1741802672409,81974.91,7e-05,True
1741802672409,81974.91,7e-05,True
1741802672409,81974.91,0.00073,True
1741802672409,81974.91,7e-05,True
1741802672409,81974.91,0.00013,True
1741802672409,81974.91,0.0002,True
1741802672409,81974.91,0.0002,True
1741802672409,81974.91,0.0002,True
1741802672409,81974.91,0.0002,True
1741802672409,81974.91,7e-05,True
1741802672409,81974.91,0.0001,True
1741802672409,81974.91,0.0001,True
1741802672409,81974.91,0.0001,True
1741802672409,81974.91,0.00014,True
1741802672409,81974.91,0.0772,True
1741802672409,81974.91,0.01,True
1741802672410,81974.91,0.00968,True
1741802672410,81974.91,0.00927,True
1741802672415,81974.9,0.00051,True
1741802672415,81974.9,7e-05,True
1741802672415,81974.9,7e-05,True
1741802672415,81974.9,0.00014,True
1741802672415,81974.9,0.00014,True
1741802672415,81974.9,0.00014,True
1741802672415,81974.9,0.0001,True
1741802672415,81974.9,0.0001,True
1741802672415,81974.9,7e-05,True
1741802672415,81974.9,7e-05,True
1741802672415,81974.9,7e-05,True
1741802672415,81974.9,7e-05,True
1741802672415,81974.9,0.0001,True
1741802672415,81974.89,0.0001,True
1741802672415,81974.86,0.00121,True
1741802672415,81974.86,7e-05,True
1741802672415,81974.86,7e-05,True
1741802672415,81974.2,7e-05,True
1741802672415,81974.2,7e-05,True
1741802672415,81974.19,7e-05,True
1741802672415,81974.19,7e-05,True
1741802672415,81974.18,7e-05,True
1741802672415,81974.18,7e-05,True
1741802672415,81974.18,7e-05,True
1741802672415,81974.17,7e-05,True
1741802672415,81974.17,7e-05,True
1741802672506,81974.16,0.00433,True
1741802672506,81974.16,0.05694,True
1741802672506,81974.16,0.0001,True
1741802672506,81974.16,0.0001,True
1741802672506,81974.16,0.0001,True
1741802672506,81974.16,7e-05,True
1741802672506,81974.16,7e-05,True
1741802672506,81974.16,7e-05,True
1741802672506,81974.16,0.00543,True
1741802672506,81974.16,7e-05,True
1741802672506,81974.16,7e-05,True
1741802672506,81974.16,7e-05,True
1741802672506,81974.16,0.00013,True
1741802672506,81974.16,0.00176,True
1741802672506,81974.15,0.00055,True
1741802672506,81974.15,7e-05,True
1741802672506,81974.15,7e-05,True
1741802672506,81974.15,0.00014,True
1741802672506,81974.11,7e-05,True
1741802672506,81974.11,7e-05,True
1741802672506,81973.35,7e-05,True
1741802672506,81973.35,7e-05,True
1741802672506,81973.35,7e-05,True
1741802672506,81967.2,0.00013,True
1741802672506,81967.2,7e-05,True
1741802672506,81967.2,7e-05,True
1741802672506,81966.0,7e-05,True
1741802672506,81966.0,7e-05,True
1741802672605,81966.0,0.00129,False
1741802672626,81966.0,0.0002,False
1741802672844,81965.99,7e-05,True
1741802672844,81965.99,0.00054,True
1741802672844,81965.99,7e-05,True
1741802672844,81965.99,7e-05,True
1741802672844,81965.99,0.00169,True
1741802672936,81965.99,7e-05,True
1741802672936,81965.99,7e-05,True
1741802672936,81965.99,0.00014,True
1741802672936,81965.99,0.001,True
1741802672936,81965.99,0.00345,True
1741802672936,81965.99,0.00064,True
1741802672936,81965.99,0.0001,True
1741802672936,81965.99,0.0001,True
1741802672936,81965.99,0.0001,True
1741802672936,81965.99,7e-05,True
1741802672936,81965.99,7e-05,True
1741802672936,81965.99,7e-05,True
1741802672936,81965.99,7e-05,True
1741802672936,81965.99,0.0006,True
1741802672936,81965.98,0.00058,True
1741802672936,81965.98,0.00013,True
1741802672936,81965.98,0.00013,True
1741802672936,81965.98,0.00014,True
1741802672936,81965.98,0.0001,True
1741802672936,81965.98,7e-05,True
1741802672936,81965.98,7e-05,True
1741802672936,81965.95,7e-05,True
1741802672936,81965.95,7e-05,True
1741802672936,81965.95,7e-05,True
1741802672981,81965.94,7e-05,True
1741802672981,81965.94,0.0001,True
1741802672981,81965.94,0.0001,True
1741802672981,81965.94,0.0001,True
1741802672981,81965.94,7e-05,True
1741802672981,81965.94,7e-05,True
1741802672981,81965.94,7e-05,True
1741802672981,81965.94,7e-05,True
1741802672981,81965.94,7e-05,True
1741802672981,81965.94,0.00053,True
1741802672981,81965.93,0.0001,True
1741802672981,81965.93,0.00057,True
1741802672981,81965.93,0.00013,True
1741802672981,81965.93,7e-05,True
1741802672981,81965.93,7e-05,True
1741802672981,81965.12,7e-05,True
1741802672981,81965.12,7e-05,True
1741802672981,81965.12,7e-05,True
1741802672981,81964.37,7e-05,True
1741802672981,81964.37,7e-05,True
1741802672981,81964.36,7e-05,True
1741802672981,81964.36,7e-05,True
1741802672981,81964.3,7e-05,True
1741802672981,81964.3,7e-05,True
1741802672981,81964.17,0.00013,True
1741802672981,81964.17,0.00013,True
1741802672981,81964.17,0.00013,True
1741802672981,81964.17,7e-05,True
1741802672981,81963.94,7e-05,True
1741802672981,81963.01,0.00302,True
1741802672981,81962.65,7e-05,True
1741802672981,81962.27,7e-05,True
1741802673083,81961.8,0.00057,False
1741802673361,81961.8,0.00171,False
1741802673519,81961.79,0.00345,True
1741802673693,81961.8,0.00514,False
1741802674396,81961.8,0.0061,False
1741802674682,81961.79,7e-05,True
1741802674682,81961.79,7e-05,True
1741802674682,81961.79,7e-05,True
1741802674682,81961.79,0.00013,True
1741802674682,81961.79,0.00018,True
1741802674682,81961.79,7e-05,True
1741802674682,81961.79,7e-05,True
1741802674682,81961.79,7e-05,True
1741802674682,81961.79,8e-05,True
1741802674682,81961.79,0.0001,True
1741802674682,81961.79,0.0001,True
1741802674682,81961.79,0.0001,True
1741802674682,81961.79,0.00056,True
1741802674682,81961.78,0.00056,True
1741802674682,81961.78,7e-05,True
1741802674682,81961.78,7e-05,True
1741802674682,81961.78,0.00014,True
1741802674682,81961.78,0.00014,True
1741802674682,81961.78,0.00014,True
1741802674682,81961.78,0.0001,True
1741802674682,81961.2,0.00101,True
1741802674682,81961.2,7e-05,True
1741802674682,81961.2,7e-05,True
1741802674682,81961.11,7e-05,True
1741802674682,81961.11,7e-05,True
1741802674682,81961.11,0.00015,True
1741802674682,81961.11,0.00015,True
1741802674682,81961.1,7e-05,True
1741802674682,81961.1,7e-05,True
1741802674682,81961.09,7e-05,True
1741802674682,81961.01,7e-05,True
1741802674682,81961.01,7e-05,True
1741802674682,81960.62,0.00013,True
1741802674682,81960.62,7e-05,True
1741802674682,81960.53,0.004,True
1741802674682,81960.18,7e-05,True
1741802674682,81958.8,0.00027,True
1741802674682,81958.52,7e-05,True
1741802674682,81958.51,0.02662,True
1741802674682,81957.71,7e-05,True
1741802674682,81956.58,0.00012,True
1741802674682,81955.91,0.004,True
1741802674682,81955.29,0.00013,True
1741802674682,81954.9,0.00013,True
1741802674682,81954.81,0.003,True
1741802674682,81954.31,0.0027,True
1741802674682,81954.0,7e-05,True
1741802674682,81953.99,0.0782,True
1741802674700,81954.0,0.00147,False
1741802674726,81953.99,7e-05,True
1741802674726,81953.99,7e-05,True
1741802674726,81953.99,7e-05,True
1741802674726,81953.99,7e-05,True
1741802674726,81953.99,0.0001,True
1741802674726,81953.99,0.0001,True
1741802674726,81953.99,0.0001,True
1741802674726,81953.99,7e-05,True
1741802674726,81953.99,7e-05,True
1741802674726,81953.99,0.0169,True
1741802674726,81953.99,0.00171,True
1741802674726,81953.98,0.00045,True
1741802674726,81953.98,0.00053,True
1741802674726,81953.98,7e-05,True
1741802674726,81953.98,7e-05,True
1741802674726,81953.98,0.0001,True
1741802674726,81953.98,0.00013,True
1741802674726,81953.95,0.00024,True
1741802674726,81953.95,0.00036,True
1741802674726,81953.95,0.00036,True
1741802674726,81953.95,7e-05,True
1741802674726,81953.95,7e-05,True
1741802674726,81953.12,7e-05,True
1741802674726,81953.12,7e-05,True
1741802674726,81953.12,7e-05,True
1741802675184,81953.12,0.00081,False
1741802675242,81953.11,7e-05,True
1741802675242,81953.11,7e-05,True
1741802675242,81953.11,7e-05,True
1741802675242,81953.11,7e-05,True
1741802675242,81953.11,7e-05,True
1741802675242,81953.11,7e-05,True
1741802675242,81953.11,0.00013,True
1741802675242,81953.11,0.00024,True
1741802675242,81953.11,0.0001,True
1741802675242,81953.11,0.00056,True
1741802675242,81953.1,0.00055,True
1741802675242,81953.1,0.00013,True
1741802675242,81953.1,7e-05,True
1741802675242,81953.1,7e-05,True
1741802675242,81953.1,0.00013,True
1741802675242,81953.1,0.00014,True
1741802675242,81952.77,7e-05,True
1741802675242,81952.77,7e-05,True
1741802675242,81952.77,7e-05,True
1741802675242,81952.76,7e-05,True
1741802675242,81952.76,7e-05,True
1741802675242,81951.8,7e-05,True
1741802675242,81951.8,7e-05,True
1741802675242,81951.79,7e-05,True
1741802675242,81951.48,7e-05,True
1741802675242,81951.14,0.004,True
1741802675242,81951.14,7e-05,True
1741802675242,81951.13,7e-05,True
1741802675242,81950.2,0.0003,True
1741802675242,81950.06,7e-05,True
1741802675242,81950.06,0.00019,True
1741802675242,81950.06,0.00019,True
1741802675242,81950.06,0.00019,True
1741802675242,81950.05,0.00856,True
1741802675242,81950.04,0.00033,True
1741802675242,81950.04,0.00016,True
1741802675242,81950.03,7e-05,True
1741802675515,81950.02,7e-05,True
1741802675515,81950.02,7e-05,True
1741802675515,81950.02,7e-05,True
1741802675515,81950.02,7e-05,True
1741802675515,81950.02,7e-05,True
1741802675515,81950.02,7e-05,True
1741802675515,81950.02,0.00302,True
1741802675515,81950.02,0.00107,True
1741802675515,81950.02,0.00013,True
1741802675515,81950.02,0.0001,True
1741802675515,81950.02,0.0001,True
1741802675515,81950.02,0.0001,True
1741802675515,81950.02,0.00051,True
1741802675515,81950.01,0.0002,True
1741802675515,81950.01,0.00057,True
1741802675515,81950.01,7e-05,True
1741802675515,81950.01,7e-05,True
1741802675515,81950.01,0.00014,True
1741802675515,81950.01,0.00014,True
1741802675515,81950.01,0.00014,True
1741802675515,81950.01,0.0001,True
1741802675515,81949.92,0.00089,True
1741802675515,81949.92,7e-05,True
1741802675515,81949.92,7e-05,True
1741802675515,81949.86,7e-05,True
1741802675515,81949.86,7e-05,True
1741802675515,81949.85,7e-05,True
1741802675515,81949.85,7e-05,True
1741802675515,81948.96,0.0007,True
1741802675515,81948.96,7e-05,True
1741802675515,81948.66,7e-05,True
1741802675515,81948.66,7e-05,True
1741802675515,81947.81,8e-05,True
1741802675515,81947.81,7e-05,True
1741802675515,81947.44,7e-05,True
1741802675944,81947.44,0.00107,False
1741802676450,81947.44,0.10349,False
1741802676450,81947.44,0.06398,False
1741802676450,81947.44,0.01548,False
1741802676816,81947.43,7e-05,True
1741802676816,81947.43,7e-05,True
1741802676816,81947.43,7e-05,True
1741802676816,81947.43,7e-05,True
1741802676816,81947.43,0.00014,True
1741802676816,81947.43,7e-05,True
1741802676816,81947.43,7e-05,True
1741802676816,81947.43,0.0001,True
1741802676816,81947.43,0.0001,True
1741802676816,81947.43,0.0001,True
1741802676816,81947.43,0.00055,True
1741802676816,81947.42,0.00013,True
1741802676816,81947.42,0.00055,True
1741802676816,81947.42,0.00014,True
1741802676816,81947.42,0.00014,True
1741802676816,81947.42,0.00014,True
1741802676816,81947.42,7e-05,True
1741802676816,81947.42,7e-05,True
1741802676816,81947.42,0.0001,True
1741802676816,81947.4,0.003,True
1741802676816,81947.4,7e-05,True
1741802676816,81947.4,7e-05,True
1741802676816,81947.03,0.00016,True
1741802676816,81947.03,0.00016,True
1741802676816,81947.03,0.00016,True
1741802676816,81947.03,7e-05,True
1741802676816,81947.03,7e-05,True
1741802676816,81946.75,7e-05,True
1741802676816,81946.75,7e-05,True
1741802676816,81946.61,7e-05,True
1741802676816,81946.43,7e-05,True
1741802676816,81946.33,0.004,True
1741802676816,81946.33,7e-05,True
1741802676816,81945.7,0.00014,True
1741802676816,81945.56,7e-05,True
1741802677383,81945.56,0.01352,False
1741802677707,81945.55,7e-05,True
1741802677707,81945.55,7e-05,True
1741802677707,81945.55,7e-05,True
1741802677707,81945.55,7e-05,True
1741802677707,81945.55,7e-05,True
1741802677707,81945.55,0.00013,True
1741802677707,81945.55,0.00018,True
1741802678678,81945.55,0.00083,True
1741802678678,81945.55,7e-05,True
1741802678678,81945.55,0.0001,True
1741802678678,81945.55,7e-05,True
1741802678678,81945.55,7e-05,True
1741802678678,81945.55,7e-05,True
1741802678678,81945.55,7e-05,True
1741802678678,81945.55,7e-05,True
1741802678678,81945.55,0.00013,True
1741802678678,81945.55,0.0001,True
1741802678678,81945.55,0.0001,True
1741802678678,81945.55,7e-05,True
1741802678678,81945.55,7e-05,True
1741802678678,81945.55,7e-05,True
1741802678678,81945.55,0.0001,True
1741802678678,81945.55,0.00051,True
1741802678678,81945.54,0.00054,True
1741802678678,81945.54,9e-05,True
1741802678678,81945.54,7e-05,True
1741802678678,81945.54,7e-05,True
1741802678678,81945.54,0.00013,True
1741802678678,81945.54,0.00013,True
1741802678678,81945.54,0.00013,True
1741802678678,81945.37,7e-05,True
1741802678678,81945.37,7e-05,True
1741802678678,81945.34,7e-05,True
1741802678678,81945.34,7e-05,True
1741802678678,81944.95,7e-05,True
1741802678678,81944.95,7e-05,True
1741802678678,81944.74,7e-05,True
1741802678696,81944.73,0.0001,True
1741802678696,81944.73,7e-05,True
1741802678696,81944.73,7e-05,True
1741802678696,81944.73,7e-05,True
1741802678696,81944.73,7e-05,True
1741802678696,81944.73,0.00051,True
1741802678696,81944.73,7e-05,True
1741802678696,81944.73,7e-05,True
1741802678696,81944.72,0.00056,True
1741802678696,81944.72,7e-05,True
1741802678696,81944.72,7e-05,True
1741802678696,81944.64,7e-05,True
1741802678696,81944.64,7e-05,True
1741802678696,81944.08,8e-05,True
1741802678696,81944.08,7e-05,True
1741802678696,81944.08,7e-05,True
1741802678696,81943.72,7e-05,True
1741802678696,81943.72,7e-05,True
1741802678696,81943.72,7e-05,True
1741802678696,81943.71,0.00016,True
1741802678696,81943.71,0.00016,True
1741802678696,81943.71,0.00016,True
1741802678696,81943.71,7e-05,True
1741802678696,81943.7,7e-05,True
1741802678696,81943.7,7e-05,True
1741802678696,81943.69,0.004,True
1741802678696,81943.69,7e-05,True
1741802678696,81943.31,0.00263,True
1741802678696,81943.24,8e-05,True
1741802678696,81942.8,0.003,True
1741802678984,81941.89,7e-05,True
1741802678984,81941.89,0.0169,True
1741802678984,81941.89,0.01584,True
1741802679631,81941.9,0.00297,False
1741802679969,81941.9,0.00025,False
1741802680312,81941.9,0.00193,False
1741802680315,81941.89,0.0001,True
1741802680315,81941.89,7e-05,True
1741802680315,81941.89,7e-05,True
1741802680315,81941.89,7e-05,True
1741802680315,81941.89,0.00018,True
1741802680315,81941.89,0.00013,True
1741802680315,81941.89,7e-05,True
1741802680315,81941.89,0.0001,True
1741802680315,81941.89,0.0001,True
1741802680315,81941.89,7e-05,True
1741802680315,81941.89,0.00022,True
1741802680315,81941.89,7e-05,True
1741802680315,81941.89,7e-05,True
1741802680315,81941.89,0.00054,True
1741802680315,81941.88,0.03017,True
1741802680315,81941.88,0.00013,True
1741802680315,81941.88,0.00013,True
1741802680315,81941.88,0.00014,True
1741802680315,81941.88,0.00331,True
1741802680315,81941.88,7e-05,True
1741802680315,81941.88,7e-05,True
1741802680315,81941.64,7e-05,True
1741802680315,81941.64,7e-05,True
1741802680315,81941.64,7e-05,True
1741802680355,81941.63,0.00041,True
1741802680355,81941.63,7e-05,True
1741802680355,81941.63,0.0001,True
1741802680355,81941.63,0.0001,True
1741802680355,81941.63,0.0001,True
1741802680355,81941.63,7e-05,True
1741802680355,81941.63,7e-05,True
1741802680355,81941.63,7e-05,True
1741802680355,81941.63,7e-05,True
1741802680355,81941.63,7e-05,True
1741802680355,81941.63,0.00058,True
1741802680355,81941.62,0.0001,True
1741802680355,81941.62,0.00259,True
1741802680355,81941.62,7e-05,True
1741802680355,81941.62,7e-05,True
1741802680355,81941.25,7e-05,True
1741802680355,81941.25,7e-05,True
1741802680355,81941.19,7e-05,True
1741802680355,81941.19,7e-05,True
1741802680355,81941.07,0.00028,True
1741802680355,81941.07,7e-05,True
1741802680355,81941.07,7e-05,True
1741802680355,81940.43,7e-05,True
1741802680355,81940.43,7e-05,True
1741802680355,81940.29,7e-05,True
1741802680355,81940.29,7e-05,True
1741802680415,81940.28,0.0001,True
1741802680415,81940.28,0.0001,True
1741802680415,81940.28,0.0001,True
1741802680415,81940.28,7e-05,True
1741802680415,81940.28,7e-05,True
1741802680415,81940.28,7e-05,True
1741802680415,81940.28,7e-05,True
1741802680415,81940.28,7e-05,True
1741802680415,81940.28,7e-05,True
1741802680415,81940.27,0.0001,True
1741802680415,81940.27,8e-05,True
1741802680415,81940.27,0.00272,True
1741802680415,81940.27,0.00014,True
1741802680415,81940.27,7e-05,True
1741802680415,81940.27,7e-05,True
1741802680415,81940.27,0.00014,True
1741802680415,81940.01,0.00019,True
1741802680415,81940.01,0.00019,True
1741802680415,81940.01,0.00019,True
1741802680415,81940.01,7e-05,True
1741802680415,81940.01,7e-05,True
1741802680415,81939.84,0.004,True
1741802680415,81939.84,7e-05,True
1741802680415,81939.84,7e-05,True
1741802680415,81939.71,7e-05,True
1741802680415,81939.71,7e-05,True
1741802680415,81939.59,8e-05,True
1741802680415,81939.59,7e-05,True
1741802680415,81939.05,7e-05,True
1741802680415,81939.05,7e-05,True
1741802680459,81939.04,7e-05,True
1741802680459,81939.04,7e-05,True
1741802680459,81939.04,7e-05,True
1741802680459,81939.04,7e-05,True
1741802680459,81939.04,7e-05,True
1741802680459,81939.04,7e-05,True
1741802680459,81939.04,0.00054,True
1741802680459,81939.04,0.0001,True
1741802680459,81939.04,0.0001,True
1741802680459,81939.04,0.0001,True
1741802680459,81939.03,7e-05,True
1741802680459,81939.03,0.00057,True
1741802680459,81939.03,7e-05,True
1741802680459,81939.03,7e-05,True
1741802680459,81939.03,0.0001,True
1741802680459,81937.3,0.00013,True
1741802680459,81937.3,0.00013,True
1741802680459,81937.3,0.00013,True
1741802680459,81937.3,7e-05,True
1741802680459,81937.3,7e-05,True
1741802680459,81937.29,0.0001,True
1741802680459,81937.29,7e-05,True
1741802680459,81937.29,7e-05,True
1741802680459,81935.79,0.0001,True
1741802680459,81935.79,7e-05,True
1741802680459,81935.79,7e-05,True
1741802680459,81935.78,0.004,True
1741802680459,81935.78,7e-05,True
1741802680459,81935.66,0.00012,True
1741802680459,81935.66,7e-05,True
1741802680459,81935.35,7e-05,True
1741802680459,81935.11,0.03847,True
1741802680459,81933.98,0.00013,True
1741802680459,81933.97,7e-05,True
1741802681151,81933.96,0.0338,True
1741802681201,81933.96,0.02332,True
1741802681201,81933.96,7e-05,True
1741802681201,81933.96,7e-05,True
1741802681201,81933.96,7e-05,True
1741802681201,81933.96,7e-05,True
1741802681201,81933.96,0.00014,True
1741802681201,81933.96,7e-05,True
1741802681201,81933.96,7e-05,True
1741802681201,81933.96,0.0001,True
1741802681201,81933.96,0.00242,True
1741802681201,81933.96,0.0001,True
1741802681201,81933.96,0.0001,True
1741802681201,81933.96,0.0001,True
1741802681201,81933.95,0.00057,True
1741802681201,81933.95,0.00025,True
1741802681201,81933.95,7e-05,True
1741802681201,81933.95,7e-05,True
1741802681201,81933.95,0.00013,True
1741802681201,81933.95,0.00013,True
1741802681201,81933.95,0.00014,True
1741802681201,81933.95,0.0001,True
1741802681201,81933.53,7e-05,True
1741802681201,81933.53,7e-05,True
1741802681201,81933.4,7e-05,True
1741802681201,81933.4,7e-05,True
1741802681201,81933.4,0.0002,True
1741802681201,81933.4,0.00029,True
1741802681201,81933.4,0.0002,True
1741802681201,81933.4,0.0002,True
1741802681201,81933.39,7e-05,True
1741802681201,81933.39,7e-05,True
1741802681201,81933.34,8e-05,True
1741802681201,81933.34,7e-05,True
1741802681201,81932.69,7e-05,True
1741802681201,81932.5,7e-05,True
1741802681201,81932.34,0.00156,True
1741802681201,81932.34,0.00107,True
1741802681201,81931.99,0.0003,True
1741802681201,81931.47,7e-05,True
1741802681254,81931.46,0.01011,True
1741802681254,81931.46,7e-05,True
1741802681254,81931.46,7e-05,True
1741802681254,81931.46,7e-05,True
1741802681254,81931.46,7e-05,True
1741802681254,81931.46,7e-05,True
1741802681254,81931.46,7e-05,True
1741802681254,81931.46,0.00113,True
1741802681254,81931.46,7e-05,True
1741802681254,81931.45,0.00666,True
1741802681254,81931.45,0.00054,True
1741802681254,81931.45,7e-05,True
1741802681254,81931.45,7e-05,True
1741802681254,81931.43,0.00013,True
1741802681254,81931.43,7e-05,True
1741802681254,81931.43,7e-05,True
1741802681254,81930.74,0.004,True
1741802681254,81930.74,7e-05,True
1741802681254,81930.74,7e-05,True
1741802681254,81930.31,0.00012,True
1741802681254,81930.31,7e-05,True
1741802681254,81930.31,7e-05,True
1741802681254,81930.14,0.00035,True
1741802681254,81930.14,7e-05,True
1741802681275,81929.4,0.003,True
1741802681275,81929.4,7e-05,True
1741802681275,81929.4,7e-05,True
1741802681275,81929.4,7e-05,True
1741802681275,81929.4,7e-05,True
1741802681275,81929.4,0.0001,True
1741802681275,81929.4,0.00054,True
1741802681275,81929.4,7e-05,True
1741802681275,81929.4,7e-05,True
1741802681275,81929.4,0.00014,True
1741802681275,81929.39,0.00067,True
1741802681275,81929.39,0.0001,True
1741802681275,81929.39,7e-05,True
1741802681275,81929.39,7e-05,True
1741802681275,81929.08,0.00013,True
1741802681275,81929.08,7e-05,True
1741802681275,81929.08,7e-05,True
1741802681275,81928.49,0.00024,True
1741802681275,81928.49,0.0002,True
1741802681275,81928.49,0.00024,True
1741802681275,81928.49,0.00024,True
1741802681275,81928.49,7e-05,True
1741802681275,81928.49,7e-05,True
1741802681275,81928.0,0.0001,True
1741802681275,81928.0,0.002,True
1741802681275,81928.0,0.0001,True
1741802681275,81928.0,7e-05,True
1741802681275,81928.0,7e-05,True
1741802681275,81927.12,7e-05,True
1741802681275,81927.11,7e-05,True
1741802681275,81926.85,7e-05,True
1741802681275,81926.85,7e-05,True
1741802681416,81926.2,0.004,True
1741802681416,81926.2,0.00052,True
1741802681416,81926.2,7e-05,True
1741802681416,81926.2,7e-05,True
1741802681416,81926.2,7e-05,True
1741802681416,81926.2,7e-05,True
1741802681416,81926.2,7e-05,True
1741802681416,81926.2,7e-05,True
1741802681416,81926.2,0.0001,True
1741802681416,81926.19,0.00069,True
1741802681416,81926.19,0.00016,True
1741802681416,81926.19,7e-05,True
1741802681416,81926.19,7e-05,True
1741802681416,81926.19,0.00014,True
1741802681416,81926.19,0.00013,True
1741802681416,81926.19,0.00013,True
1741802681416,81924.99,0.00013,True
1741802681416,81924.99,7e-05,True
1741802681416,81924.99,7e-05,True
1741802681416,81924.93,7e-05,True
1741802681416,81924.93,7e-05,True
1741802681416,81924.92,7e-05,True
1741802681416,81924.92,7e-05,True
1741802681416,81924.53,0.0002,True
1741802681416,81924.53,0.0002,True
1741802681416,81924.53,0.0002,True
1741802681416,81924.53,7e-05,True
1741802681416,81924.53,7e-05,True
1741802681416,81924.52,0.00504,True
1741802681416,81924.52,7e-05,True
1741802681416,81924.11,0.00024,True
1741802681416,81924.11,7e-05,True
1741802681416,81924.0,0.0001,True
1741802681416,81924.0,0.002,True
1741802681416,81924.0,0.0001,True
1741802681416,81923.43,0.0002,True
1741802681416,81923.33,0.00013,True
1741802681416,81922.98,7e-05,True
1741802682378,81922.97,0.00736,True
1741802682472,81922.97,9e-05,True
1741802683315,81922.97,0.0001,True
1741802683315,81922.97,7e-05,True
1741802683315,81922.97,7e-05,True
1741802683315,81922.97,7e-05,True
1741802683315,81922.97,7e-05,True
1741802683315,81922.97,7e-05,True
1741802683315,81922.97,0.00013,True
1741802683315,81922.97,0.00031,True
1741802683315,81922.97,7e-05,True
1741802683315,81922.97,7e-05,True
1741802683315,81922.97,0.00177,True
1741802683315,81922.97,0.00052,True
1741802683315,81922.97,0.00058,True
1741802683315,81922.97,7e-05,True
1741802683315,81922.97,0.0001,True
1741802683315,81922.97,7e-05,True
1741802683315,81922.97,7e-05,True
1741802683315,81922.96,0.00053,True
1741802683315,81922.96,0.00016,True
1741802683315,81922.96,0.00014,True
1741802683315,81922.96,0.00013,True
1741802683315,81922.96,0.00014,True
1741802683315,81922.96,7e-05,True
1741802683315,81922.96,7e-05,True
1741802683315,81922.41,8e-05,True
1741802683315,81922.41,7e-05,True
1741802683315,81922.41,7e-05,True
1741802683315,81922.13,7e-05,True
1741802683315,81922.13,7e-05,True
1741802683315,81922.13,7e-05,True
1741802683323,81922.13,0.0001,False
1741802685109,81922.12,0.0122,True
1741802685118,81922.13,7e-05,False
1741802685118,81922.13,7e-05,False
1741802685118,81922.13,0.0002,False
1741802685118,81922.13,0.00013,False
1741802685118,81922.13,0.00058,False
1741802685118,81922.13,7e-05,False
1741802685118,81922.13,7e-05,False
1741802685118,81922.13,7e-05,False
1741802685118,81922.13,0.0001,False
1741802685118,81922.14,0.00013,False
1741802685118,81922.14,0.00013,False
1741802685118,81922.14,0.00013,False
1741802685118,81922.14,7e-05,False
1741802685118,81922.31,7e-05,False
1741802685118,81922.31,7e-05,False
1741802685118,81922.64,7e-05,False
1741802685118,81922.65,7e-05,False
1741802685118,81922.97,9e-05,False
1741802685118,81922.97,0.0001,False
1741802685118,81922.97,9e-05,False
1741802685118,81922.98,0.00101,False
1741802685118,81922.98,0.00302,False
1741802685118,81923.13,7e-05,False
1741802685118,81923.6,7e-05,False
1741802685118,81923.6,0.00011,False
1741802685118,81923.6,0.00012,False
1741802685118,81923.6,0.00011,False
1741802685148,81923.94,0.00014,False
1741802685148,81923.94,0.00013,False
1741802685148,81923.94,7e-05,False
1741802685148,81923.94,7e-05,False
1741802685148,81923.94,0.0001,False
1741802685148,81923.94,0.0001,False
1741802685148,81923.94,7e-05,False
1741802685148,81923.94,7e-05,False
1741802685148,81923.94,7e-05,False
1741802685148,81923.94,0.0001,False
1741802685148,81923.95,0.0001,False
1741802685148,81923.95,7e-05,False
1741802685148,81923.95,0.00013,False
1741802685148,81923.96,7e-05,False
1741802685148,81923.96,7e-05,False
1741802685148,81924.97,7e-05,False
1741802685148,81924.97,7e-05,False
1741802685148,81924.98,0.00358,False
1741802685148,81924.98,0.01486,False
1741802685148,81924.98,7e-05,False
1741802685148,81925.6,7e-05,False
1741802685249,81928.03,0.0001,False
1741802685249,81928.03,0.0001,False
1741802685249,81928.03,0.0001,False
1741802685249,81928.03,7e-05,False
1741802685249,81928.03,7e-05,False
1741802685249,81928.03,7e-05,False
1741802685249,81928.03,7e-05,False
1741802685249,81928.03,7e-05,False
1741802685249,81928.03,0.04004,False
1741802685249,81928.04,0.0001,False
1741802685249,81928.04,0.00025,False
1741802685249,81928.04,7e-05,False
1741802685249,81928.04,0.00013,False
1741802685249,81928.04,0.00014,False
1741802685249,81928.65,0.00013,False
1741802685249,81928.65,7e-05,False
1741802685249,81928.93,0.00021,False
1741802685249,81928.93,7e-05,False
1741802685249,81928.94,8e-05,False
1741802685249,81928.94,0.00021,False
1741802685249,81928.94,7e-05,False
1741802685249,81931.18,0.003,False
1741802685249,81931.44,7e-05,False
1741802685249,81931.44,0.00034,False
1741802685251,81931.45,0.00121,False
1741802685251,81931.47,0.01874,False
1741802685316,81933.09,7e-05,False
1741802685316,81933.09,7e-05,False
1741802685316,81933.09,7e-05,False
1741802685316,81933.09,7e-05,False
1741802685316,81933.09,0.0001,False
1741802685316,81933.09,0.0001,False
1741802685316,81933.09,0.0001,False
1741802685316,81933.09,7e-05,False
1741802685316,81933.09,0.00013,False
1741802685316,81933.1,0.00025,False
1741802685316,81933.1,7e-05,False
1741802685316,81933.21,0.00013,False
1741802685316,81933.21,7e-05,False
1741802685316,81933.45,7e-05,False
1741802685316,81933.83,7e-05,False
1741802685316,81933.83,7e-05,False
1741802685316,81933.96,0.00025,False
1741802685316,81933.96,0.00025,False
1741802685316,81933.96,0.00012,False
1741802685316,81934.61,7e-05,False
1741802685658,81934.62,0.00094,False
1741802686191,81934.61,0.00858,True
1741802686191,81934.61,0.04935,True
1741802686684,81934.61,0.0253,True
1741802686822,81934.62,7e-05,False
1741802686822,81934.62,7e-05,False
1741802686822,81934.62,7e-05,False
1741802686822,81934.62,0.00013,False
1741802686822,81934.62,0.0001,False
1741802686822,81934.62,9e-05,False
1741802686822,81934.62,0.0001,False
1741802686822,81934.62,0.0001,False
1741802686822,81934.62,7e-05,False
1741802686822,81934.62,7e-05,False
1741802686822,81934.63,7e-05,False
1741802686822,81934.63,5e-05,False
1741802686822,81934.63,9e-05,False
1741802686822,81934.63,0.00013,False
1741802686822,81934.63,0.00014,False
1741802686822,81934.64,8e-05,False
1741802686822,81934.64,7e-05,False
1741802686822,81934.66,7e-05,False
1741802686822,81934.66,7e-05,False
1741802686822,81936.76,7e-05,False
1741802686822,81937.03,7e-05,False
1741802686822,81937.03,9e-05,False
1741802686822,81937.03,9e-05,False
1741802687221,81937.04,0.00095,False
1741802687478,81937.04,0.00018,False
1741802687533,81937.04,0.00344,False
1741802687920,81937.04,0.00082,False
1741802688684,81937.03,7e-05,True
1741802688684,81937.03,7e-05,True
1741802688684,81937.03,7e-05,True
1741802688684,81937.03,0.00014,True
1741802688684,81937.03,0.0019,True
1741802688684,81937.03,7e-05,True
1741802688684,81937.03,7e-05,True
1741802688684,81937.03,0.00022,True
1741802688684,81937.03,0.00018,True
1741802688684,81937.03,7e-05,True
1741802688684,81937.03,8e-05,True
1741802688684,81937.03,0.00061,True
1741802688684,81937.03,0.0001,True
1741802688684,81937.03,0.0001,True
1741802688684,81937.03,0.0001,True
1741802688684,81937.03,0.00057,True
1741802688684,81937.02,0.00056,True
1741802688684,81937.02,0.00013,True
1741802688684,81937.02,0.00013,True
1741802688684,81937.02,0.00014,True
1741802688684,81937.02,7e-05,True
1741802688684,81937.02,7e-05,True
1741802688684,81937.02,0.0001,True
1741802688684,81936.98,0.00121,True
1741802688684,81936.98,7e-05,True
1741802688684,81936.98,7e-05,True
1741802688684,81936.77,7e-05,True
1741802688684,81936.77,7e-05,True
1741802688684,81936.76,7e-05,True
1741802688684,81936.76,7e-05,True
1741802688684,81936.75,7e-05,True
1741802688684,81936.31,7e-05,True
1741802688684,81936.31,7e-05,True
1741802688684,81935.62,7e-05,True
1741802688684,81935.49,7e-05,True
1741802688684,81934.63,7e-05,True
1741802688714,81934.62,0.0344,True
1741802688714,81934.62,0.0001,True
1741802688714,81934.62,0.0001,True
1741802688714,81934.62,0.0001,True
1741802688714,81934.62,7e-05,True
1741802688714,81934.62,0.00328,True
1741802688714,81934.62,7e-05,True
1741802688714,81934.62,7e-05,True
1741802688714,81934.62,7e-05,True
1741802688714,81934.62,0.00304,True
1741802688714,81934.62,7e-05,True
1741802688714,81934.62,3e-05,True
1741802688714,81934.62,0.0001,True
1741802688714,81934.62,7e-05,True
1741802688714,81934.61,0.00057,True
1741802688714,81934.61,7e-05,True
1741802688714,81934.61,7e-05,True
1741802688714,81933.84,7e-05,True
1741802688714,81933.84,7e-05,True
1741802688714,81933.84,7e-05,True
1741802688714,81933.66,7e-05,True
1741802688714,81933.66,7e-05,True
1741802688714,81933.02,7e-05,True
1741802688714,81933.02,7e-05,True
1741802688714,81933.02,7e-05,True
1741802688714,81932.98,7e-05,True
1741802688714,81932.98,7e-05,True
1741802688766,81932.97,7e-05,True
1741802688766,81932.97,7e-05,True
1741802688766,81932.97,7e-05,True
1741802688766,81932.97,7e-05,True
1741802688766,81932.97,7e-05,True
1741802688766,81932.97,7e-05,True
1741802688766,81932.97,0.0001,True
1741802688766,81932.97,0.0001,True
1741802688766,81932.97,0.0001,True
1741802688766,81932.97,0.00051,True
1741802688766,81932.96,8e-05,True
1741802688766,81932.96,0.00056,True
1741802688766,81932.96,7e-05,True
1741802688766,81932.96,7e-05,True
1741802688766,81932.96,0.0001,True
1741802688766,81932.2,7e-05,True
1741802688766,81932.2,7e-05,True
1741802688766,81932.2,7e-05,True
1741802688766,81932.05,7e-05,True
1741802688766,81932.05,7e-05,True
1741802688766,81932.05,7e-05,True
1741802688766,81932.04,7e-05,True
1741802688766,81932.04,7e-05,True
1741802688766,81931.37,7e-05,True
1741802688766,81931.07,8e-05,True
1741802688766,81931.07,7e-05,True
1741802688766,81930.3,7e-05,True
1741802688766,81930.04,0.00019,True
1741802688766,81930.04,0.00019,True
1741802688766,81930.04,0.00019,True
1741802688766,81928.75,7e-05,True
1741802688766,81928.74,0.0117,True
1741802688766,81928.66,0.00013,True
1741802688766,81927.85,0.00504,True
1741802688766,81926.81,0.00013,True
1741802688766,81926.41,0.003,True
1741802688867,81923.48,0.00012,False
1741802688956,81923.47,0.0001,True
1741802689161,81923.47,0.0001,True
1741802689161,81923.47,7e-05,True
1741802689161,81923.47,0.0001,True
1741802690005,81923.48,0.00082,False
1741802690093,81923.47,0.0701,True
1741802690136,81923.47,0.1589,True
1741802690136,81923.47,0.0247,True
1741802690136,81923.47,0.0149,True
1741802690445,81923.48,7e-05,False
1741802690472,81923.47,0.0001,True
1741802690833,81923.48,7e-05,False
1741802690833,81923.48,0.0002,False
1741802690833,81923.48,0.00013,False
1741802690833,81923.48,0.00016,False
1741802690833,81923.48,7e-05,False
1741802690833,81923.48,7e-05,False
1741802690833,81923.48,7e-05,False
1741802690833,81923.48,0.0001,False
1741802690833,81923.48,0.0001,False
1741802690833,81923.48,0.0001,False
1741802690833,81923.48,7e-05,False
1741802690833,81923.48,0.0744,False
1741802690833,81923.49,0.00014,False
1741802690833,81923.49,0.00014,False
1741802690833,81923.49,0.00014,False
1741802690833,81923.49,7e-05,False
1741802690833,81923.49,0.0001,False
1741802690833,81923.75,7e-05,False
1741802690833,81923.76,7e-05,False
1741802690833,81923.96,7e-05,False
1741802690833,81923.96,7e-05,False
1741802690833,81924.78,7e-05,False
1741802690833,81924.93,7e-05,False
1741802690833,81924.94,0.01694,False
1741802690833,81930.38,7e-05,False
1741802690833,81930.39,7e-05,False
1741802690833,81930.39,9e-05,False
1741802690962,81930.39,0.00205,True
1741802691474,81930.4,7e-05,False
1741802691474,81930.4,7e-05,False
1741802691474,81930.4,7e-05,False
1741802691474,81930.4,0.00062,False
1741802691736,81930.4,8e-05,False
1741802691752,81930.4,0.00303,False
1741802691752,81930.4,0.00013,False
1741802691752,81930.4,0.0001,False
1741802691752,81930.4,7e-05,False
1741802691752,81930.4,7e-05,False
1741802691752,81930.4,7e-05,False
1741802691752,81930.4,7e-05,False
1741802691752,81930.4,7e-05,False
1741802691752,81930.4,0.0001,False
1741802691752,81930.41,0.00014,False
1741802691752,81930.41,0.00014,False
1741802691752,81930.41,0.00014,False
1741802691752,81930.41,7e-05,False
1741802691752,81930.54,7e-05,False
1741802691752,81930.54,7e-05,False
1741802691752,81930.81,7e-05,False
1741802691752,81931.59,7e-05,False
1741802691752,81931.68,0.003,False
1741802691752,81932.19,7e-05,False
1741802691752,81932.28,0.00823,False
1741802691752,81932.89,0.00014,False
1741802691752,81932.89,0.00014,False
1741802691752,81932.89,8e-05,False
1741802691752,81932.89,9e-05,False
1741802691752,81932.89,8e-05,False
1741802691812,81935.39,7e-05,False
1741802691812,81935.39,0.0001,False
1741802691812,81935.39,7e-05,False
1741802691812,81935.39,7e-05,False
1741802691812,81935.39,0.05368,False
1741802691812,81935.39,7e-05,False
1741802691812,81935.39,0.0001,False
1741802691812,81935.39,0.0001,False
1741802691812,81935.39,7e-05,False
1741802691812,81935.4,7e-05,False
1741802691812,81935.4,7e-05,False
1741802691812,81935.4,7e-05,False
1741802691812,81935.47,0.00012,False
1741802691812,81935.47,7e-05,False
1741802691812,81935.48,7e-05,False
1741802691812,81936.08,7e-05,False
1741802691812,81936.08,0.00016,False
1741802691812,81936.08,0.0003,False
1741802691812,81936.08,0.00016,False
1741802691812,81936.08,7e-05,False
1741802691812,81937.47,0.00184,False
1741802691812,81937.6,7e-05,False
1741802691812,81937.8,0.00013,False
1741802691812,81937.95,7e-05,False
1741802691812,81939.54,7e-05,False
1741802691812,81939.54,0.0001,False
1741802691812,81939.54,9e-05,False
1741802691812,81939.54,9e-05,False
1741802691895,81939.55,7e-05,False
1741802691895,81939.55,0.0001,False
1741802691895,81939.55,0.0001,False
1741802691895,81939.55,0.0001,False
1741802691895,81939.55,7e-05,False
1741802691895,81939.55,7e-05,False
1741802691895,81939.55,7e-05,False
1741802691895,81939.55,7e-05,False
1741802691895,81939.56,0.00014,False
1741802691895,81939.56,0.0001,False
1741802691895,81939.56,7e-05,False
1741802691895,81939.6,7e-05,False
1741802691895,81939.6,7e-05,False
1741802691895,81939.76,7e-05,False
1741802691895,81939.76,7e-05,False
1741802691895,81939.77,0.01336,False
1741802692142,81939.77,0.02215,False
1741802692142,81939.77,7e-05,False
1741802692142,81939.77,7e-05,False
1741802692142,81939.77,7e-05,False
1741802692142,81939.77,7e-05,False
1741802692142,81939.77,7e-05,False
1741802692142,81939.77,7e-05,False
1741802692142,81939.77,7e-05,False
1741802692142,81939.77,7e-05,False
1741802692142,81939.77,0.00013,False
1741802692142,81939.77,0.0001,False
1741802692142,81939.77,0.0001,False
1741802692142,81939.77,0.0001,False
1741802692142,81939.78,7e-05,False
1741802692142,81939.78,0.00013,False
1741802692142,81939.78,0.0001,False
1741802692142,81939.78,0.00014,False
1741802692142,81939.78,0.00013,False
1741802692142,81939.98,0.00019,False
1741802692142,81939.98,0.00022,False
1741802692142,81939.98,0.00019,False
1741802692142,81939.98,0.00019,False
1741802692142,81939.98,7e-05,False
1741802692142,81940.42,7e-05,False
1741802692142,81940.42,7e-05,False
1741802692142,81941.03,7e-05,False
1741802692142,81941.75,7e-05,False
1741802692142,81941.88,0.00013,False
1741802692142,81942.6,7e-05,False
1741802692142,81942.6,0.0001,False
1741802692142,81942.6,7e-05,False
1741802692142,81942.6,7e-05,False
1741802693048,81942.61,7e-05,False
1741802693048,81942.61,7e-05,False
1741802693048,81942.61,7e-05,False
1741802693048,81942.61,0.00014,False
1741802693048,81942.61,7e-05,False
1741802693048,81942.61,0.013,False
1741802693048,81942.61,0.01701,False
1741802693413,81942.6,0.00509,True
1741802693437,81942.6,0.00144,True
1741802693437,81942.6,7e-05,True
1741802693437,81942.6,7e-05,True
1741802693437,81942.6,0.00014,True
1741802693437,81942.6,0.00028,True
1741802693437,81942.6,0.01631,True
1741802693448,81942.6,0.0088,True
1741802696178,81942.6,7e-05,True
1741802696178,81942.6,5e-05,True
1741802696268,81942.6,2e-05,True
1741802696268,81942.6,7e-05,True
1741802696268,81942.6,7e-05,True
1741802696268,81942.6,0.0001,True
1741802696268,81942.6,0.0001,True
1741802696268,81942.6,0.00587,True
1741802696268,81942.6,7e-05,True
1741802696268,81942.6,7e-05,True
1741802696268,81942.6,0.00014,True
1741802696268,81942.6,0.0001,True
1741802696268,81942.6,7e-05,True
1741802696268,81942.6,0.0001,True
1741802696268,81942.6,0.0001,True
1741802696268,81942.6,0.00039,True
1741802696268,81942.6,0.11072,True
1741802696268,81942.6,0.0001,True
1741802696268,81942.6,0.0001,True
1741802696268,81942.6,7e-05,True
1741802696268,81942.6,0.0001,True
1741802696268,81942.6,0.0001,True
1741802696268,81942.6,0.0001,True
1741802696268,81942.6,0.0169,True
1741802696268,81942.6,0.0001,True
1741802696268,81942.6,0.00712,True
1741802696268,81942.6,7e-05,True
1741802696268,81942.6,0.1547,True
1741802696268,81942.6,0.0247,True
1741802696268,81942.6,0.01761,True
1741802696268,81942.6,0.03328,True
1741802696268,81942.6,8e-05,True
1741802696268,81942.6,0.0001,True
1741802696268,81942.6,0.00015,True
1741802696268,81942.6,0.03012,True
1741802696268,81942.6,0.00037,True
1741802696268,81942.6,0.03686,True
1741802696268,81942.6,0.13463,True
1741802696268,81942.6,0.11217,True
1741802696268,81942.6,0.00023,True
1741802696268,81942.6,0.03629,True
1741802696268,81942.6,0.0001,True
1741802696268,81942.6,7e-05,True
1741802696268,81942.6,7e-05,True
1741802696268,81942.6,0.0194,True
1741802696268,81942.6,7e-05,True
1741802696268,81942.6,0.1115,True
1741802696268,81942.6,0.0001,True
1741802696268,81942.6,0.0001,True
1741802696268,81942.6,0.0001,True
1741802696268,81942.6,0.0001,True
1741802696268,81942.6,0.0001,True
1741802696268,81942.6,0.36461,True
1741802696390,81942.6,0.00016,True
1741802697350,81942.6,7e-05,True
1741802697350,81942.6,8e-05,True
1741802697380,81942.6,0.00538,True
1741802697680,81942.61,0.00014,False
1741802699067,81942.6,0.11651,True
1741802699067,81942.6,0.0169,True
1741802699067,81942.6,0.0247,True
1741802699067,81942.6,7e-05,True
1741802699067,81942.6,7e-05,True
1741802699067,81942.6,8e-05,True
1741802699067,81942.6,7e-05,True
1741802699067,81942.6,7e-05,True
1741802699067,81942.6,7e-05,True
1741802699067,81942.6,0.00253,True
1741802699067,81942.6,0.00013,True
1741802699067,81942.6,0.08319,True
1741802699067,81942.6,0.02343,True
1741802699067,81942.6,0.03204,True
1741802699067,81942.6,0.00024,True
1741802699067,81942.6,0.00014,True
1741802699067,81942.6,0.07954,True
1741802699067,81942.6,0.0194,True
1741802699067,81942.6,0.33679,True
1741802699067,81942.6,7e-05,True
1741802699067,81942.6,8e-05,True
1741802699067,81942.6,0.00028,True
1741802699067,81942.6,0.21347,True
1741802699067,81942.6,0.0001,True
1741802699067,81942.6,7e-05,True
1741802699067,81942.6,0.1063,True
1741802699067,81942.6,0.16402,True
1741802699093,81942.6,9e-05,True
1741802699443,81942.61,8e-05,False
1741802699443,81942.61,7e-05,False
1741802699443,81942.61,7e-05,False
1741802699443,81942.61,0.00014,False
1741802699443,81942.61,7e-05,False
1741802699443,81942.61,7e-05,False
1741802699443,81942.61,0.0005,False
1741802699443,81942.61,0.00855,False
1741802699443,81942.61,0.0002,False
1741802699443,81942.61,0.0001,False
1741802699443,81942.61,0.02495,False
1741802699443,81942.61,7e-05,False
1741802699443,81942.61,0.25989,False
1741802699443,81942.61,0.00074,False
1741802699443,81942.61,0.10707,False
1741802699444,81942.61,0.00972,False
1741802699444,81942.61,0.2004,False
1741802699444,81942.61,0.07727,False
1741802699444,81942.61,0.0548,False
1741802699444,81942.61,0.22282,False
1741802699444,81942.61,0.12585,False
1741802699444,81942.61,0.10133,False
1741802699444,81942.61,0.0002,False
1741802699444,81942.61,0.0223,False
1741802699444,81942.61,0.00121,False
1741802699444,81942.61,0.02708,False
1741802699444,81942.61,0.22872,False
1741802699444,81942.62,0.00013,False
1741802699444,81942.62,7e-05,False
1741802699444,81942.62,0.00014,False
1741802699444,81942.62,0.00013,False
1741802699444,81942.64,0.00014,False
1741802699444,81942.64,7e-05,False
1741802699444,81942.79,7e-05,False
1741802699444,81942.8,7e-05,False
1741802699444,81942.9,0.003,False
1741802699444,81943.05,0.00269,False
1741802699444,81943.07,0.00016,False
1741802699444,81943.07,0.00016,False
1741802699444,81943.94,7e-05,False
1741802699444,81943.95,0.16898,False
1741802699444,81943.95,0.11537,False
1741802699444,81944.01,7e-05,False
1741802699444,81944.02,0.09916,False
1741802699445,81944.02,0.10521,False
1741802699446,81944.02,0.09697,False
1741802699451,81944.63,0.00013,False
1741802699453,81945.35,7e-05,False
1741802699453,81945.35,0.00027,False
1741802699460,81945.36,7e-05,False
1741802699460,81945.99,7e-05,False
1741802699479,81947.09,7e-05,False
1741802699479,81947.09,7e-05,False
1741802699479,81947.09,0.0001,False
1741802699479,81947.09,0.0001,False
1741802699479,81947.09,0.0001,False
1741802699479,81947.09,0.0002,False
1741802699479,81947.09,7e-05,False
1741802699479,81947.09,7e-05,False
1741802699479,81947.09,7e-05,False
1741802699479,81947.09,7e-05,False
1741802699479,81947.09,0.00022,False
1741802699516,81947.5,0.003,False
1741802699516,81947.5,7e-05,False
1741802699516,81947.5,7e-05,False
1741802699516,81947.5,7e-05,False
1741802699516,81947.5,0.0001,False
1741802699516,81947.5,7e-05,False
1741802699516,81947.5,7e-05,False
1741802699516,81947.5,0.0001,False
1741802699516,81947.5,0.0001,False
1741802699516,81947.8,7e-05,False
1741802699516,81947.8,7e-05,False
1741802699516,81947.8,0.00023,False
1741802699516,81947.8,7e-05,False
1741802699516,81947.99,8e-05,False
1741802699516,81947.99,7e-05,False
1741802699516,81947.99,7e-05,False
1741802699516,81948.06,0.003,False
1741802699516,81948.06,7e-05,False
1741802699516,81948.41,7e-05,False
1741802699516,81948.41,7e-05,False
1741802699516,81948.42,0.00504,False
1741802699516,81948.57,8e-05,False
1741802699516,81950.53,0.00025,False
1741802699516,81950.53,0.00014,False
1741802699516,81951.07,0.00029,False
1741802699516,81952.11,0.00011,False
1741802699516,81952.11,7e-05,False
1741802699862,81952.12,0.0002,False
1741802700201,81952.11,0.00012,True
1741802700647,81952.11,0.0013,True
1741802700976,81952.11,0.0397,True
1741802700976,81952.11,0.0886,True
1741802700976,81952.11,0.02839,True
1741802700976,81952.11,0.05107,True
1741802700976,81952.11,0.03106,True
1741802700977,81952.11,0.0339,True
1741802700977,81952.11,0.02272,True
1741802700977,81952.11,0.03286,True
1741802700977,81952.11,7e-05,True
1741802700977,81952.11,7e-05,True
1741802700977,81952.11,7e-05,True
1741802700977,81952.11,7e-05,True
1741802700977,81952.11,0.00013,True
1741802700977,81952.11,0.0002,True
1741802700977,81952.11,0.0001,True
1741802700977,81952.11,7e-05,True
1741802700977,81952.11,7e-05,True
1741802700977,81952.11,0.0001,True
1741802700977,81952.11,0.0001,True
1741802700977,81952.11,0.0001,True
1741802700977,81952.11,0.0001,True
1741802700977,81952.11,0.0001,True
1741802700977,81952.11,0.0001,True
1741802700977,81952.11,0.0001,True
1741802700977,81952.11,0.0001,True
1741802700977,81952.11,0.0001,True
1741802700977,81952.11,0.0001,True
1741802700977,81952.11,0.0001,True
1741802700977,81952.1,0.00013,True
1741802700977,81952.1,0.00013,True
1741802700977,81952.1,0.00014,True
1741802700977,81952.1,7e-05,True
1741802700977,81952.1,7e-05,True
1741802700977,81952.1,0.0001,True
1741802700977,81952.06,0.00121,True
1741802700977,81952.06,7e-05,True
1741802700977,81952.06,7e-05,True
1741802700977,81952.01,7e-05,True
1741802700977,81952.01,7e-05,True
1741802700977,81952.0,7e-05,True
1741802700977,81952.0,7e-05,True
1741802700977,81951.95,7e-05,True
1741802700977,81951.41,7e-05,True
1741802700977,81950.82,8e-05,True
1741802700977,81950.82,7e-05,True
1741802700977,81950.31,7e-05,True
1741802700977,81949.12,9e-05,True
1741802700977,81948.73,7e-05,True
1741802701016,81948.72,0.0001,True
1741802701016,81948.72,7e-05,True
1741802701016,81948.72,7e-05,True
1741802701016,81948.72,0.0001,True
1741802701016,81948.72,0.0001,True
1741802701016,81948.72,7e-05,True
1741802701016,81948.72,7e-05,True
1741802701016,81948.72,7e-05,True
1741802701016,81948.72,7e-05,True
1741802701016,81948.71,0.0001,True
1741802701016,81948.71,7e-05,True
1741802701016,81948.71,7e-05,True
1741802701016,81948.66,7e-05,True
1741802701016,81948.66,7e-05,True
1741802701016,81948.66,7e-05,True
1741802701016,81948.57,7e-05,True
1741802701016,81948.57,7e-05,True
1741802701016,81948.57,7e-05,True
1741802701090,81948.56,0.02546,True
1741802701090,81948.56,0.02081,True
1741802701090,81948.56,7e-05,True
1741802701090,81948.56,7e-05,True
1741802701090,81948.56,7e-05,True
1741802701090,81948.56,7e-05,True
1741802701090,81948.56,0.00304,True
1741802701090,81948.56,0.0001,True
1741802701090,81948.56,7e-05,True
1741802701090,81948.56,7e-05,True
1741802701090,81948.56,0.0001,True
1741802701090,81948.55,0.00013,True
1741802701090,81948.55,0.00013,True
1741802701090,81948.55,7e-05,True
1741802701090,81948.55,7e-05,True
1741802701090,81948.55,0.0001,True
1741802701090,81948.07,7e-05,True
1741802701090,81948.07,7e-05,True
1741802701090,81947.49,7e-05,True
1741802701090,81947.49,7e-05,True
1741802701090,81947.4,0.003,True
1741802701090,81947.4,7e-05,True
1741802701090,81947.4,7e-05,True
1741802701090,81945.73,0.00017,True
1741802701090,81945.73,7e-05,True
1741802701090,81945.13,0.00012,True
1741802701090,81945.13,7e-05,True
1741802701090,81945.13,7e-05,True
1741802701090,81945.12,7e-05,True
1741802701090,81944.64,0.00013,True
1741802701090,81944.63,0.00012,True
1741802701090,81943.91,0.003,True
1741802701090,81942.6,0.00158,True
1741802701090,81942.6,0.00013,True
1741802701090,81941.89,0.00013,True
1741802701090,81940.21,7e-05,True
1741802701117,81940.2,7e-05,True
1741802701117,81940.2,7e-05,True
1741802701117,81940.2,7e-05,True
1741802701117,81940.2,7e-05,True
1741802701117,81940.2,7e-05,True
1741802701117,81940.2,0.0001,True
1741802701117,81940.2,7e-05,True
1741802701117,81940.19,0.00034,True
1741802701117,81940.19,7e-05,True
1741802701117,81940.19,7e-05,True
1741802701117,81939.78,7e-05,True
1741802701117,81939.78,7e-05,True
1741802701117,81939.78,7e-05,True
1741802701117,81939.77,0.00839,True
1741802701117,81939.77,7e-05,True
1741802701117,81939.77,7e-05,True
1741802701117,81939.77,0.00839,True
1741802701117,81939.77,0.00839,True
1741802701117,81939.77,0.00839,True
1741802701117,81939.77,0.00748,True
1741802701117,81939.31,7e-05,True
1741802701117,81939.31,7e-05,True
1741802701117,81939.27,0.00032,True
1741802701117,81939.27,0.00029,True
1741802701117,81939.27,0.00026,True
1741802701117,81939.27,7e-05,True
1741802701117,81939.22,7e-05,True
1741802701117,81938.33,7e-05,True
1741802701117,81938.19,0.00504,True
1741802701117,81938.02,7e-05,True
1741802701120,81938.02,0.08031,False
1741802701120,81938.02,0.08334,False
1741802701120,81938.02,0.07576,False
1741802701120,81938.02,0.2,False
1741802701120,81938.02,0.08608,False
1741802701120,81938.02,0.6537,False
1741802701120,81938.02,0.45,False
1741802701120,81938.02,0.0402,False
1741802701120,81938.02,0.35051,False
1741802701120,81938.03,0.1229,False
1741802701120,81938.2,0.2,False
1741802701120,81938.2,0.08608,False
1741802701120,81938.2,0.06888,False
1741802701120,81939.28,0.08608,False
1741802701120,81939.28,0.07,False
1741802701120,81939.28,0.15072,False
1741802701120,81939.32,0.1229,False
1741802701120,81939.32,0.07254,False
1741802701121,81938.02,0.01094,False
1741802701503,81938.02,0.00123,False
1741802701633,81938.01,0.03963,True
1741802701633,81938.01,7e-05,True
1741802701633,81938.01,7e-05,True
1741802701633,81938.01,7e-05,True
1741802701633,81938.01,7e-05,True
1741802701633,81938.01,7e-05,True
1741802701633,81938.01,7e-05,True
1741802701633,81938.01,0.00013,True
1741802701633,81938.01,0.00101,True
1741802701633,81938.01,0.0002,True
1741802701633,81938.01,0.0002,True
1741802701633,81938.01,0.0002,True
1741802701633,81938.01,0.00222,True
1741802701633,81938.01,0.0001,True
1741802701633,81938.0,0.00011,True
1741802701633,81938.0,0.00013,True
1741802701633,81938.0,7e-05,True
1741802701633,81938.0,7e-05,True
1741802701633,81938.0,0.00014,True
1741802701633,81938.0,0.00013,True
1741802701633,81937.97,7e-05,True
1741802701633,81937.97,7e-05,True
1741802701633,81937.96,7e-05,True
1741802701633,81937.96,7e-05,True
1741802701633,81937.29,7e-05,True
1741802701633,81937.29,7e-05,True
1741802701633,81937.28,7e-05,True
1741802701641,81937.14,7e-05,True
1741802701641,81937.14,0.0001,True
1741802701641,81937.14,7e-05,True
1741802701641,81937.14,7e-05,True
1741802701641,81937.14,7e-05,True
1741802701641,81937.14,7e-05,True
1741802701641,81937.14,7e-05,True
1741802701641,81936.86,7e-05,True
1741802701641,81936.86,7e-05,True
1741802701641,81936.02,0.00017,True
1741802701641,81936.02,0.00017,True
1741802701641,81936.02,0.00017,True
1741802701641,81936.02,7e-05,True
1741802701641,81936.02,7e-05,True
1741802701641,81935.49,7e-05,True
1741802701641,81934.67,7e-05,True
1741802701641,81934.67,7e-05,True
1741802701641,81934.02,7e-05,True
1741802701641,81934.02,7e-05,True
1741802701641,81934.02,7e-05,True
1741802701641,81934.01,7e-05,True
1741802701641,81934.01,7e-05,True
1741802701666,81933.97,7e-05,True
1741802701666,81933.97,7e-05,True
1741802701666,81933.97,0.0001,True
1741802701666,81933.97,7e-05,True
1741802701666,81933.97,7e-05,True
1741802701666,81933.97,7e-05,True
1741802701666,81933.97,0.0169,True
1741802701666,81933.97,7e-05,True
1741802701666,81933.97,0.0001,True
1741802701666,81933.97,0.0001,True
1741802701666,81933.97,0.0002,True
1741802701666,81933.97,7e-05,True
1741802701666,81933.97,0.11278,True
1741802701684,81933.97,0.0001,True
1741802701684,81933.97,7e-05,True
1741802701684,81933.97,7e-05,True
1741802701684,81933.97,7e-05,True
1741802701684,81933.97,7e-05,True
1741802701684,81933.97,7e-05,True
1741802701684,81933.97,7e-05,True
1741802701684,81933.97,7e-05,True
1741802701684,81933.97,0.0169,True
1741802702099,81933.97,0.0001,False
1741802702099,81933.97,7e-05,False
1741802702099,81933.97,7e-05,False
1741802702099,81933.97,6e-05,False
1741802702099,81933.97,1e-05,False
1741802702099,81933.97,7e-05,False
1741802702099,81933.97,0.04558,False
1741802702099,81933.97,7e-05,False
1741802702099,81933.97,7e-05,False
1741802702099,81933.97,0.0001,False
1741802702099,81933.97,7e-05,False
1741802702099,81933.97,0.0001,False
1741802702099,81933.97,7e-05,False
1741802702099,81933.97,0.0001,False
1741802702099,81933.97,0.0001,False
1741802702099,81933.97,0.00014,False
1741802702099,81933.97,7e-05,False
1741802702099,81933.97,0.0001,False
1741802702099,81933.97,0.0001,False
1741802702099,81933.97,0.0001,False
1741802702099,81933.97,7e-05,False
1741802702099,81933.97,7e-05,False
1741802702099,81933.97,0.00151,False
1741802702099,81933.97,7e-05,False
1741802702099,81933.97,0.00812,False
1741802702099,81933.98,7e-05,False
1741802702099,81933.98,0.00013,False
1741802702099,81933.98,0.0001,False
1741802702099,81933.98,0.00013,False
1741802702099,81933.98,0.00013,False
1741802702099,81933.99,7e-05,False
1741802702099,81934.0,7e-05,False
1741802702099,81934.01,7e-05,False
1741802702099,81934.66,7e-05,False
1741802702099,81935.72,7e-05,False
1741802702099,81935.72,7e-05,False
1741802702099,81935.72,7e-05,False
1741802702099,81935.72,8e-05,False
1741802702116,81937.96,7e-05,False
1741802702116,81937.96,7e-05,False
1741802702116,81937.96,8e-05,False
1741802702116,81937.96,0.00019,False
1741802702116,81937.96,0.00019,False
1741802702116,81937.96,0.0001,False
1741802702116,81937.96,0.0001,False
1741802702116,81937.96,0.0001,False
1741802702116,81937.96,7e-05,False
1741802702116,81937.96,7e-05,False
1741802702116,81937.96,7e-05,False
1741802702116,81937.96,0.00019,False
1741802702116,81937.96,7e-05,False
1741802702116,81937.96,7e-05,False
1741802702243,81937.96,0.00025,True
1741802702275,81937.97,0.09497,False
1741802702277,81937.97,0.02424,False
1741802702277,81937.97,7e-05,False
1741802702277,81937.97,0.0001,False
1741802702277,81937.97,0.0001,False
1741802702277,81937.97,0.0001,False
1741802702277,81937.97,7e-05,False
1741802702277,81937.97,7e-05,False
1741802702277,81937.97,7e-05,False
1741802702277,81937.97,0.00014,False
1741802702277,81937.97,7e-05,False
1741802702277,81937.98,0.0001,False
1741802702277,81937.98,7e-05,False
1741802702277,81937.98,0.00013,False
1741802702277,81938.0,7e-05,False
1741802702277,81938.0,7e-05,False
1741802702277,81938.0,0.0001,False
1741802702277,81938.0,8e-05,False
1741802702277,81938.0,8e-05,False
1741802702277,81938.01,0.04677,False
1741802702277,81938.01,0.039,False
1741802702280,81938.01,0.00733,False
1741802702280,81938.01,7e-05,False
1741802702280,81938.77,7e-05,False
1741802702283,81939.7,9e-05,False
1741802702283,81939.7,9e-05,False
1741802702283,81939.7,7e-05,False
1741802702283,81939.7,7e-05,False
1741802702283,81939.7,0.0001,False
1741802702286,81939.71,7e-05,False
1741802702288,81939.99,7e-05,False
1741802702288,81939.99,0.0001,False
1741802702288,81940.42,7e-05,False
1741802702288,81940.42,7e-05,False
1741802702290,81942.17,0.003,False
1741802702290,81942.17,7e-05,False
1741802702290,81942.17,0.0001,False
1741802702293,81942.6,7e-05,False
1741802702293,81942.6,0.0001,False
1741802702293,81942.6,0.0001,False
1741802702293,81942.61,0.0001,False
1741802702293,81942.89,7e-05,False
1741802702293,81943.51,7e-05,False
1741802702293,81943.52,0.00505,False
1741802702293,81943.52,7e-05,False
1741802702293,81944.24,0.00013,False
1741802702293,81944.24,7e-05,False
1741802702293,81944.63,0.00013,False
1741802702293,81945.9,7e-05,False
1741802702293,81946.12,0.00041,False
1741802702293,81946.12,0.00041,False
1741802702293,81946.13,0.001,False
1741802702293,81946.18,7e-05,False
1741802702313,81946.53,7e-05,False
1741802702313,81946.53,7e-05,False
1741802702313,81946.53,7e-05,False
1741802702313,81946.53,0.0001,False
1741802702313,81946.53,7e-05,False
1741802702313,81946.53,7e-05,False
1741802702313,81946.54,0.00043,False
1741802702313,81946.54,7e-05,False
1741802702313,81947.46,7e-05,False
1741802702313,81948.04,7e-05,False
1741802702313,81948.06,7e-05,False
1741802702313,81948.06,0.0001,False
1741802702313,81948.06,0.0006,False
1741802702313,81948.06,7e-05,False
1741802702317,81949.41,0.01,False
1741802702317,81949.41,0.0001,False
1741802702317,81949.41,0.0001,False
1741802702317,81949.41,7e-05,False
1741802702317,81949.41,7e-05,False
1741802702317,81949.41,7e-05,False
1741802702317,81949.41,7e-05,False
1741802702317,81949.41,7e-05,False
1741802702317,81949.41,0.0001,False
1741802702317,81949.42,0.0001,False
1741802702317,81949.47,7e-05,False
1741802702317,81949.99,0.00019,False
1741802702317,81949.99,0.00019,False
1741802702317,81949.99,7e-05,False
1741802702317,81950.05,7e-05,False
1741802702317,81950.05,7e-05,False
1741802702317,81950.36,0.003,False
1741802702317,81950.36,7e-05,False
1741802702317,81950.85,0.00013,False
1741802702317,81951.37,7e-05,False
1741802702349,81951.38,0.0001,False
1741802702349,81951.38,9e-05,False
1741802702380,81951.37,7e-05,True
1741802702673,81951.37,0.0001,True
1741802702673,81951.37,2e-05,True
1741802702835,81951.38,0.00033,False
1741802702990,81951.38,0.00029,False
1741802703351,81951.38,7e-05,False
1741802703351,81951.38,7e-05,False
1741802703351,81951.38,6e-05,False
1741802703408,81951.38,1e-05,False
1741802703408,81951.38,0.0001,False
1741802703408,81951.38,0.00014,False
1741802703408,81951.38,7e-05,False
1741802703408,81951.38,0.00064,False
1741802703408,81951.38,0.00069,False
1741802703408,81951.38,0.0011,False
1741802703408,81951.38,7e-05,False
1741802703408,81951.38,0.01934,False
1741802703416,81951.38,0.00512,False
1741802703416,81951.38,7e-05,False
1741802703416,81951.38,7e-05,False
1741802703416,81951.38,7e-05,False
1741802703416,81951.38,7e-05,False
1741802703416,81951.38,0.0001,False
1741802703416,81951.38,7e-05,False
1741802703416,81951.38,7e-05,False
1741802703416,81951.39,0.00024,False
1741802703416,81951.39,0.00014,False
1741802703416,81951.39,0.00013,False
1741802703416,81951.39,0.00013,False
1741802703416,81951.39,7e-05,False
1741802703416,81951.39,7e-05,False
1741802703416,81951.4,0.003,False
1741802703416,81951.4,0.003,False
1741802703416,81951.4,7e-05,False
1741802703416,81951.94,7e-05,False
1741802703416,81951.94,7e-05,False
1741802703416,81952.11,7e-05,False
1741802703416,81952.11,0.00011,False
1741802703416,81952.11,0.00011,False
1741802703416,81952.11,8e-05,False
1741802703416,81952.11,8e-05,False
1741802703416,81952.12,9e-05,False
1741802703416,81952.64,9e-05,False
1741802703416,81952.76,7e-05,False
1741802703416,81952.76,0.0001,False
1741802703416,81952.76,9e-05,False
1741802703416,81952.76,9e-05,False
1741802703416,81953.59,7e-05,False
1741802703416,81954.02,0.00263,False
1741802703416,81954.74,0.0001,False
1741802703416,81954.74,0.00011,False
1741802703416,81954.89,0.00034,False
1741802703416,81955.28,0.00013,False
1741802703416,81955.4,0.00024,False
1741802703416,81956.36,0.00037,False
1741802703416,81956.66,0.00504,False
1741802703416,81957.65,0.00035,False
1741802703416,81957.66,0.00013,False
1741802703416,81957.92,0.00016,False
1741802703416,81958.09,8e-05,False
1741802703416,81958.35,7e-05,False
1741802703416,81958.56,7e-05,False
1741802703416,81959.89,7e-05,False
1741802703504,81959.89,0.024,True
1741802703659,81959.9,7e-05,False
1741802703659,81959.9,7e-05,False
1741802703659,81959.9,7e-05,False
1741802703659,81959.9,0.0001,False
1741802703659,81959.9,0.0001,False
1741802703659,81959.9,0.0001,False
1741802703659,81959.9,7e-05,False
1741802703659,81959.9,7e-05,False
1741802703659,81959.9,0.00014,False
1741802703659,81959.91,0.00043,False
1741802703659,81959.91,7e-05,False
1741802703659,81959.91,0.0001,False
1741802703659,81959.91,0.00014,False
1741802703659,81959.91,0.00014,False
1741802703659,81959.91,0.00013,False
1741802703659,81960.19,0.00304,False
1741802703659,81960.19,7e-05,False
1741802703659,81960.25,7e-05,False
1741802703659,81960.35,7e-05,False
1741802703659,81961.66,7e-05,False
1741802703853,81961.67,7e-05,False
1741802703853,81961.67,7e-05,False
1741802703853,81961.67,6e-05,False
1741802703929,81961.67,1e-05,False
1741802703929,81961.67,7e-05,False
1741802703929,81961.67,7e-05,False
1741802703929,81961.67,0.0001,False
1741802703929,81961.67,0.00013,False
1741802703929,81961.67,7e-05,False
1741802703929,81961.67,7e-05,False
1741802703929,81961.67,0.0001,False
1741802703929,81961.67,0.0001,False
1741802703929,81961.67,0.0001,False
1741802703929,81961.68,9e-05,False
1741802703929,81961.68,7e-05,False
1741802703929,81961.68,0.00014,False
1741802703929,81961.68,0.00013,False
1741802703929,81961.68,0.00014,False
1741802703929,81961.68,0.0001,False
1741802703929,81961.82,7e-05,False
1741802703929,81961.88,0.00049,False
1741802703929,81961.88,0.00049,False
1741802703929,81961.88,0.00041,False
1741802703929,81961.88,7e-05,False
1741802703929,81961.89,0.00035,False
1741802703929,81961.89,7e-05,False
1741802703929,81962.64,7e-05,False
1741802703929,81963.86,0.00135,False
1741802703929,81964.0,7e-05,False
1741802703929,81964.0,8e-05,False
1741802703929,81964.0,7e-05,False
1741802703929,81964.0,7e-05,False
1741802703955,81964.01,0.00011,False
1741802703980,81964.0,0.00019,True
1741802704854,81964.01,0.0002,False
1741802704899,81964.01,0.00012,False
1741802705052,81964.0,0.07592,True
1741802705052,81964.0,0.00913,True
1741802705052,81964.0,0.00901,True
1741802705053,81964.0,0.07433,True
1741802705053,81964.0,0.09058,True
1741802705053,81964.0,0.06972,True
1741802705053,81964.0,7e-05,True
1741802705053,81964.0,7e-05,True
1741802705053,81964.0,0.00345,True
1741802705053,81964.0,7e-05,True
1741802705053,81964.0,0.00013,True
1741802705053,81964.0,7e-05,True
1741802705053,81964.0,7e-05,True
1741802705053,81964.0,0.00047,True
1741802705053,81964.0,7e-05,True
1741802705053,81964.0,7e-05,True
1741802705053,81964.0,0.0001,True
1741802705053,81963.99,0.00013,True
1741802705053,81963.99,0.00013,True
1741802705053,81963.99,0.00014,True
1741802705053,81963.99,7e-05,True
1741802705053,81963.99,7e-05,True
1741802705053,81963.87,7e-05,True
1741802705053,81963.87,7e-05,True
1741802705053,81963.81,7e-05,True
1741802705053,81963.81,7e-05,True
1741802705053,81963.47,7e-05,True
1741802705053,81963.47,7e-05,True
1741802705053,81962.68,7e-05,True
1741802705053,81962.67,7e-05,True
1741802705053,81962.65,7e-05,True
1741802705055,81961.66,0.00158,True
1741802705055,81961.65,0.0001,True
1741802705055,81961.44,7e-05,True
1741802705058,81958.02,7e-05,True
1741802705058,81958.02,7e-05,True
1741802705058,81958.02,7e-05,True
1741802705058,81958.02,0.0001,True
1741802705074,81958.02,0.00055,False
1741802705079,81958.01,7e-05,True
1741802705079,81958.01,7e-05,True
1741802705079,81958.01,0.0001,True
1741802705079,81958.01,0.0001,True
1741802705079,81958.01,0.0001,True
1741802705079,81958.01,7e-05,True
1741802705079,81958.01,7e-05,True
1741802705079,81958.01,7e-05,True
1741802705079,81958.01,7e-05,True
1741802705079,81958.0,0.00018,True
1741802705079,81958.0,0.0001,True
1741802705079,81958.0,7e-05,True
1741802705079,81958.0,7e-05,True
1741802705079,81957.46,0.00021,True
1741802705079,81957.46,0.00021,True
1741802705079,81957.46,0.00021,True
1741802705079,81957.46,7e-05,True
1741802705079,81957.46,7e-05,True
1741802705079,81956.7,7e-05,True
1741802705079,81956.7,7e-05,True
1741802705079,81956.04,7e-05,True
1741802705079,81956.04,7e-05,True
1741802705079,81955.88,7e-05,True
1741802705079,81955.88,7e-05,True
1741802705079,81955.87,0.00502,True
1741802705079,81955.87,7e-05,True
1741802705079,81955.29,0.00013,True
1741802705079,81955.29,7e-05,True
1741802705079,81954.9,0.00013,True
1741802705079,81954.77,0.0001,True
1741802705079,81954.02,7e-05,True
1741802705079,81954.01,0.05881,True
1741802705104,81954.01,0.0001,True
1741802705104,81954.01,0.0001,True
1741802705104,81954.01,7e-05,True
1741802705104,81954.01,7e-05,True
1741802705104,81954.01,7e-05,True
1741802705104,81954.01,0.0001,True
1741802705104,81954.01,7e-05,True
1741802705104,81954.01,7e-05,True
1741802705104,81954.01,7e-05,True
1741802705104,81954.01,7e-05,True
1741802705104,81954.01,0.0002,True
1741802705104,81954.01,7e-05,True
1741802705104,81954.01,7e-05,True
1741802705104,81954.01,7e-05,True
1741802705104,81954.01,0.00101,True
1741802705104,81954.0,7e-05,True
1741802705104,81954.0,7e-05,True
1741802705104,81954.0,0.00013,True
1741802705104,81953.78,7e-05,True
1741802705104,81953.7,7e-05,True
1741802705104,81953.7,7e-05,True
1741802705235,81953.69,7e-05,True
1741802705235,81953.69,0.0001,True
1741802705235,81953.69,0.0001,True
1741802705235,81953.69,0.0001,True
1741802705235,81953.69,0.00013,True
1741802705235,81953.68,0.00013,True
1741802705235,81953.68,0.0001,True
1741802705235,81953.68,0.00013,True
1741802705235,81953.68,7e-05,True
1741802705235,81953.6,7e-05,True
1741802705235,81953.47,0.0002,True
1741802705235,81953.47,0.0002,True
1741802705235,81953.47,7e-05,True
1741802705235,81953.46,0.003,True
1741802705235,81953.46,7e-05,True
1741802705235,81953.13,7e-05,True
1741802705235,81952.77,7e-05,True
1741802705235,81952.02,0.00028,True
1741802705235,81952.02,7e-05,True
1741802705235,81951.95,7e-05,True
1741802705235,81949.67,0.00013,True
1741802705235,81948.71,7e-05,True
1741802705297,81948.7,0.0001,True
1741802705297,81948.7,0.0001,True
1741802705297,81948.7,0.0001,True
1741802705297,81948.7,7e-05,True
1741802705297,81948.69,0.0001,True
1741802705297,81948.69,0.00026,True
1741802705297,81948.69,7e-05,True
1741802705297,81948.66,7e-05,True
1741802705297,81947.25,0.00023,True
1741802705297,81947.25,0.00031,True
1741802705297,81947.25,0.00031,True
1741802705297,81947.25,7e-05,True
1741802705297,81946.74,0.00011,True
1741802705297,81946.74,7e-05,True
1741802705297,81946.6,0.00302,True
1741802705297,81946.6,7e-05,True
1741802705297,81946.51,7e-05,True
1741802705297,81946.51,7e-05,True
1741802705385,81946.5,0.00345,True
1741802705419,81946.5,0.01303,True
1741802705419,81946.5,0.0001,True
1741802705419,81946.5,0.0001,True
1741802705419,81946.5,0.0001,True
1741802705419,81946.5,7e-05,True
1741802705419,81946.5,0.00014,True
1741802705419,81946.5,0.00057,True
1741802705419,81946.49,0.0001,True
1741802705419,81946.49,0.00011,True
1741802705419,81946.49,0.00013,True
1741802705419,81946.49,0.00014,True
1741802705419,81946.49,7e-05,True
1741802705419,81946.19,7e-05,True
1741802705419,81946.19,7e-05,True
1741802705419,81945.58,0.00013,True
1741802705419,81945.58,7e-05,True
1741802705419,81945.52,7e-05,True
1741802705419,81945.51,7e-05,True
1741802705419,81944.65,0.00013,True
1741802705419,81944.65,0.00013,True
1741802705419,81944.65,0.00013,True
1741802705419,81944.65,7e-05,True
1741802705419,81944.64,0.00013,True
1741802705419,81944.64,7e-05,True
1741802705419,81943.65,7e-05,True
1741802705419,81943.65,0.00011,True
1741802705419,81943.64,0.02724,True
1741802705419,81943.31,0.00269,True
1741802705419,81943.26,0.00013,True
1741802705419,81943.17,0.003,True
1741802705419,81942.9,7e-05,True
1741802705419,81941.86,0.0003,True
1741802705419,81941.45,7e-05,True
1741802705419,81941.1,0.00013,True
1741802705419,81940.77,0.00505,True
1741802705419,81939.53,0.00507,True
1741802705419,81939.31,0.00013,True
1741802705419,81937.98,0.00017,True
1741802705419,81937.9,0.00796,True
1741802705419,81937.71,0.00012,True
1741802705419,81937.01,0.00013,True
1741802705419,81934.98,7e-05,True
1741802705419,81934.98,0.00014,True
1741802705419,81934.97,0.003,True
1741802705419,81934.97,0.1897,True
1741802705419,81934.97,0.11649,True
1741802705422,81934.97,7e-05,True
1741802705525,81934.97,0.00011,True
1741802705563,81934.97,0.00107,True
1741802705677,81934.97,0.00101,True
1741802705729,81934.97,0.0122,True
1741802705768,81934.98,0.0002,False
1741802705855,81934.98,0.0002,False
1741802706029,81934.97,0.0107,True
1741802706277,81934.98,0.08973,False
1741802706277,81934.98,0.01594,False
1741802706337,81934.98,0.07343,False
1741802706338,81934.98,0.01162,False
1741802706338,81934.98,0.00013,False
1741802706338,81934.98,7e-05,False
1741802706338,81934.98,7e-05,False
1741802706338,81934.98,7e-05,False
1741802706338,81934.98,0.0001,False
1741802706338,81934.98,0.0001,False
1741802706338,81934.99,0.00014,False
1741802706338,81934.99,0.00014,False
1741802706338,81934.99,0.00013,False
1741802706338,81934.99,0.0001,False
1741802706338,81936.61,7e-05,False
1741802706344,81936.62,0.0001,False
1741802706344,81936.62,0.0001,False
1741802706344,81937.13,7e-05,False
1741802706344,81939.14,7e-05,False
1741802706344,81939.14,9e-05,False
1741802706344,81939.14,0.0001,False
1741802706344,81939.14,9e-05,False
1741802706357,81939.15,0.0001,False
1741802706357,81939.15,0.0001,False
1741802706357,81939.16,0.0001,False
1741802706357,81940.23,0.00012,False
1741802706357,81940.23,0.00011,False
1741802706357,81940.23,0.00011,False
1741802706357,81940.42,7e-05,False
1741802706357,81942.6,0.00013,False
1741802706357,81943.16,0.00013,False
1741802706357,81943.16,0.00014,False
1741802706357,81943.18,0.003,False
1741802706357,81944.48,0.001,False
1741802706357,81945.21,0.00013,False
1741802706357,81946.49,8e-05,False
1741802706357,81946.49,8e-05,False
1741802706357,81946.49,8e-05,False
1741802706357,81949.3,0.00013,False
1741802706357,81949.88,7e-05,False
1741802706357,81949.95,0.00013,False
1741802706357,81950.05,7e-05,False
1741802706357,81951.04,7e-05,False
1741802706358,81951.05,0.00019,False
1741802706507,81951.05,7e-05,False
1741802706507,81951.05,0.00013,False
1741802706507,81951.05,0.0001,False
1741802706507,81951.05,0.0001,False
1741802706507,81951.06,0.0001,False
1741802706507,81951.06,0.00014,False
1741802706507,81951.12,7e-05,False
1741802706507,81951.36,0.00023,False
1741802706507,81951.37,0.00279,False
1741802706507,81951.37,0.00021,False
1741802706507,81951.68,0.00026,False
1741802706507,81951.68,0.00026,False
1741802706507,81951.94,7e-05,False
1741802706507,81952.01,0.00027,False
1741802706507,81952.76,7e-05,False
1741802706507,81954.02,0.00269,False
1741802706507,81954.41,7e-05,False
1741802706507,81954.9,0.00013,False
1741802706507,81956.74,0.00013,False
1741802707015,81957.4,0.00011,False
1741802707110,81957.39,0.00584,True
1741802707110,81957.39,0.00261,True
1741802707191,81957.4,0.01929,False
1741802707191,81957.4,0.00013,False
1741802707191,81957.4,0.003,False
1741802707191,81957.4,0.0001,False
1741802707191,81957.4,0.0001,False
1741802707191,81957.4,0.0169,False
1741802707191,81957.4,0.0247,False
1741802707191,81957.4,0.003,False
1741802707191,81957.4,0.01819,False
1741802707191,81957.4,0.01,False
1741802707280,81957.4,0.00013,False
1741802707280,81957.4,0.00028,False
1741802707280,81957.4,0.00025,False
1741802707295,81957.4,0.0001,False
1741802707295,81957.4,0.0001,False
1741802707295,81957.41,0.0003,False
1741802707295,81957.41,0.00013,False
1741802707295,81957.41,0.00014,False
1741802707295,81957.41,0.00013,False
1741802707295,81957.41,0.0001,False
1741802707295,81957.7,7e-05,False
1741802707295,81958.61,0.0001,False
1741802707295,81959.25,0.00037,False
1741802707295,81959.35,7e-05,False
1741802707295,81959.57,0.003,False
1741802707295,81959.9,9e-05,False
1741802707295,81959.9,7e-05,False
1741802707304,81959.91,0.00315,False
1741802707304,81959.91,0.01037,False
1741802707304,81959.91,0.01087,False
1741802707304,81959.91,0.0169,False
1741802707304,81959.91,0.0194,False
1741802707304,81959.92,0.00013,False
1741802707304,81960.61,0.00013,False
1741802707304,81961.56,0.00013,False
1741802707304,81961.99,0.00011,False
1741802707304,81961.99,0.0001,False
1741802707478,81963.89,0.00607,True
1741802707973,81963.89,0.0001,True
1741802707973,81963.89,7e-05,True
1741802707973,81963.89,0.0001,True
1741802707973,81963.89,7e-05,True
1741802707973,81963.89,7e-05,True
1741802707973,81963.89,0.00013,True
1741802707973,81963.89,0.0001,True
1741802707973,81963.89,0.00171,True
1741802707973,81963.89,0.00012,True
1741802707973,81963.89,0.0001,True
1741802707973,81963.89,0.0001,True
1741802707973,81963.89,0.0001,True
1741802707973,81963.89,0.0001,True
1741802707973,81963.89,0.0001,True
1741802707973,81963.89,0.0001,True
1741802707973,81963.89,0.0001,True
1741802707973,81963.89,0.0001,True
1741802707973,81963.88,0.00014,True
1741802707973,81963.88,0.00013,True
1741802707973,81963.88,0.00014,True
1741802707973,81963.88,7e-05,True
1741802707973,81963.88,0.0001,True
1741802707973,81963.48,7e-05,True
1741802707973,81963.47,7e-05,True
1741802707973,81963.34,7e-05,True
1741802707973,81963.33,7e-05,True
1741802707973,81962.65,7e-05,True
1741802707973,81962.64,7e-05,True
1741802707973,81959.24,7e-05,True
1741802708023,81959.23,7e-05,True
1741802708023,81959.23,0.0001,True
1741802708023,81959.23,0.0001,True
1741802708023,81959.23,0.0001,True
1741802708023,81959.23,0.00013,True
1741802708023,81959.22,7e-05,True
1741802708023,81958.54,7e-05,True
1741802708023,81958.54,7e-05,True
1741802708023,81957.39,7e-05,True
1741802708023,81956.89,7e-05,True
1741802708023,81956.89,7e-05,True
1741802708023,81956.11,0.00015,True
1741802708023,81956.11,7e-05,True
1741802708023,81955.34,7e-05,True
1741802708023,81955.34,7e-05,True
1741802708052,81955.34,0.001,False
1741802708060,81955.34,0.0001,False
1741802708083,81955.34,0.01034,False
1741802708370,81955.34,0.00014,False
1741802708370,81955.34,0.0001,False
1741802708370,81955.34,0.0001,False
1741802708370,81955.35,0.00014,False
1741802708370,81955.35,0.00013,False
1741802708370,81955.35,0.00014,False
1741802708370,81955.35,0.0001,False
1741802708370,81956.06,7e-05,False
1741802708370,81956.26,0.01904,False
1741802708370,81959.24,0.00302,False
1741802708370,81959.24,0.00101,False
1741802708370,81959.35,7e-05,False
1741802708370,81961.94,0.00028,False
1741802708370,81961.99,0.00023,False
1741802708370,81961.99,0.00026,False
1741802708370,81962.5,7e-05,False
1741802708370,81963.87,7e-05,False
1741802708370,81963.87,7e-05,False
1741802708370,81963.87,7e-05,False
1741802708370,81963.87,8e-05,False
1741802708494,81963.88,0.00011,True
1741802708621,81963.88,0.00468,True
1741802708621,81963.88,0.00468,True
1741802709676,81963.88,0.0001,True
1741802709676,81963.88,7e-05,True
1741802709676,81963.88,0.0001,True
1741802709676,81963.88,0.01841,True
1741802709897,81963.89,0.00011,False
1741802710085,81963.88,0.00014,True
1741802710085,81963.88,0.00021,True
1741802710724,81963.89,0.00013,False
1741802710724,81963.89,0.0002,False
1741802710724,81963.89,0.0001,False
1741802710724,81963.89,0.0001,False
1741802710724,81963.89,0.0001,False
1741802710724,81963.89,0.00014,False
1741802710724,81963.89,0.00021,False
1741802711055,81963.88,0.0092,True
1741802711109,81963.89,0.0001,False
1741802711109,81963.89,7e-05,False
1741802711109,81963.89,7e-05,False
1741802711109,81963.89,7e-05,False
1741802711109,81963.89,7e-05,False
1741802711109,81963.89,0.00612,False
1741802711109,81963.89,7e-05,False
1741802711109,81963.89,0.00013,False
1741802711109,81963.9,0.00013,False
1741802711109,81963.9,0.00013,False
1741802711109,81963.9,0.00014,False
1741802711109,81963.9,7e-05,False
1741802711109,81963.9,0.003,False
1741802711109,81963.94,7e-05,False
1741802711109,81963.95,7e-05,False
1741802711109,81963.99,7e-05,False
1741802711109,81964.01,0.0024,False
1741802711109,81964.99,0.00263,False
1741802711109,81965.11,7e-05,False
1741802711109,81965.56,0.0003,False
1741802711109,81965.93,7e-05,False
1741802711109,81966.65,7e-05,False
1741802711109,81967.19,8e-05,False
1741802711109,81967.55,0.00023,False
1741802711109,81967.58,7e-05,False
1741802711109,81968.33,8e-05,False
1741802711109,81968.33,8e-05,False
1741802711109,81968.33,9e-05,False
1741802711300,81969.45,0.00026,True
1741802711372,81969.46,0.00013,False
1741802711372,81969.46,7e-05,False
1741802711536,81969.45,7e-05,True
1741802711556,81969.46,0.00028,False
1741802711771,81969.45,0.00011,True
1741802711879,81969.46,7e-05,False
1741802711879,81969.46,3e-05,False
1741802711962,81969.46,4e-05,False
1741802711962,81969.46,7e-05,False
1741802711962,81969.46,0.00013,False
1741802711962,81969.46,7e-05,False
1741802711962,81969.46,0.0002,False
1741802711962,81969.46,7e-05,False
1741802711962,81969.46,7e-05,False
1741802711962,81969.46,7e-05,False
1741802711962,81969.46,0.0001,False
1741802711962,81969.46,0.0001,False
1741802711962,81969.47,0.00028,False
1741802711962,81969.47,7e-05,False
1741802711962,81969.47,0.00014,False
1741802711962,81969.47,0.00014,False
1741802711962,81969.47,0.00013,False
1741802711962,81969.47,0.0001,False
1741802711962,81969.81,7e-05,False
1741802711962,81969.94,0.00047,False
1741802711962,81969.94,0.0003,False
1741802711962,81969.94,0.0003,False
1741802711962,81969.94,0.0003,False
1741802711962,81969.94,7e-05,False
1741802711962,81970.04,7e-05,False
1741802711962,81970.15,9e-05,False
1741802711962,81970.15,9e-05,False
1741802711962,81970.15,0.0001,False
1741802711962,81970.16,0.00011,False
1741802711962,81970.16,0.00011,False
1741802711962,81970.16,0.00012,False
1741802711962,81970.59,7e-05,False
1741802711976,81970.6,0.01441,False
1741802711976,81970.6,0.0001,False
1741802711976,81970.6,0.0001,False
1741802711976,81970.6,7e-05,False
1741802711976,81970.6,7e-05,False
1741802711976,81970.6,7e-05,False
1741802711976,81970.6,7e-05,False
1741802711976,81970.6,7e-05,False
1741802711976,81970.61,0.0001,False
1741802711976,81970.61,7e-05,False
1741802711976,81970.61,0.00014,False
1741802711976,81970.8,7e-05,False
1741802711976,81970.8,7e-05,False
1741802711976,81971.26,0.00013,False
1741802711976,81971.26,7e-05,False
1741802711976,81971.97,8e-05,False
1741802711976,81971.97,7e-05,False
1741802711976,81972.47,7e-05,False
1741802712024,81974.94,0.00016,True
1741802712028,81974.94,0.00016,True
1741802712053,81974.94,0.00016,True
1741802712055,81974.94,0.00016,True
1741802712059,81974.94,0.00016,True
1741802712063,81974.94,0.00016,True
1741802712102,81974.95,7e-05,False
1741802712102,81974.95,7e-05,False
1741802712102,81974.95,7e-05,False
1741802712102,81974.95,7e-05,False
1741802712102,81974.95,7e-05,False
1741802712102,81974.95,0.03303,False
1741802712102,81974.95,0.00014,False
1741802712102,81974.95,7e-05,False
1741802712102,81974.96,0.00027,False
1741802712102,81974.96,7e-05,False
1741802712102,81975.85,0.0003,False
1741802712102,81975.85,0.0003,False
1741802712102,81975.85,7e-05,False
1741802712102,81975.86,0.00052,False
1741802712102,81975.86,7e-05,False
1741802712102,81975.88,7e-05,False
1741802712102,81975.88,0.0003,False
1741802712102,81975.88,0.00013,False
1741802712102,81975.88,7e-05,False
1741802712210,81975.97,0.00263,False
1741802712210,81975.97,7e-05,False
1741802712210,81975.97,0.0001,False
1741802712210,81975.97,7e-05,False
1741802712210,81975.97,0.0001,False
1741802712210,81975.97,7e-05,False
1741802712210,81975.97,7e-05,False
1741802712210,81975.97,7e-05,False
1741802712210,81975.98,7e-05,False
1741802712210,81975.98,0.0001,False
1741802712210,81975.98,0.00013,False
1741802712210,81975.98,0.00013,False
1741802712210,81975.98,0.00014,False
1741802712210,81976.63,7e-05,False
1741802712210,81976.74,7e-05,False
1741802712210,81976.74,7e-05,False
1741802712210,81976.75,0.01627,False
1741802712210,81976.75,7e-05,False
1741802712210,81977.46,7e-05,False
1741802712210,81978.62,0.00013,False
1741802712210,81978.74,7e-05,False
1741802712210,81978.75,0.00695,False
1741802712210,81978.87,8e-05,False
1741802712210,81978.88,0.00076,False
1741802712210,81978.88,8e-05,False
1741802712216,81979.1,7e-05,False
1741802712216,81979.1,0.0169,False
1741802712216,81979.1,0.0001,False
1741802712216,81979.1,0.0001,False
1741802712216,81979.1,7e-05,False
1741802712216,81979.1,7e-05,False
1741802712216,81979.1,7e-05,False
1741802712216,81979.1,7e-05,False
1741802712216,81979.1,7e-05,False
1741802712216,81979.11,0.0001,False
1741802712216,81979.11,0.00021,False
1741802712216,81979.49,0.00049,False
1741802712216,81979.98,7e-05,False
1741802712216,81980.0,7e-05,False
1741802712216,81980.0,7e-05,False
1741802712216,81980.08,7e-05,False
1741802712216,81980.08,7e-05,False
1741802712296,81980.09,7e-05,False
1741802712296,81980.09,0.0001,False
1741802712296,81980.09,7e-05,False
1741802712296,81980.09,0.0001,False
1741802712296,81980.09,7e-05,False
1741802712296,81980.09,7e-05,False
1741802712296,81980.09,0.00014,False
1741802712296,81980.09,7e-05,False
1741802712296,81980.09,0.01885,False
1741802712296,81980.1,0.0001,False
1741802712296,81980.1,7e-05,False
1741802712296,81980.25,8e-05,False
1741802712296,81980.25,9e-05,False
1741802712296,81980.25,9e-05,False
1741802712296,81980.25,7e-05,False
1741802712296,81980.31,7e-05,False
1741802712296,81981.12,0.00026,False
1741802712296,81981.12,0.00039,False
1741802712296,81981.12,0.00026,False
1741802712296,81981.12,0.00026,False
1741802712296,81981.12,7e-05,False
1741802712296,81981.13,7e-05,False
1741802712370,81981.14,0.0002,False
1741802712437,81981.14,0.0509,False
1741802712442,81981.14,0.00599,False
1741802712442,81981.14,7e-05,False
1741802712442,81981.14,7e-05,False
1741802712442,81981.14,7e-05,False
1741802712442,81981.14,7e-05,False
1741802712442,81981.14,7e-05,False
1741802712442,81981.14,0.00695,False
1741802712442,81981.14,7e-05,False
1741802712442,81981.14,0.00013,False
1741802712442,81981.15,0.0001,False
1741802712442,81981.15,0.00014,False
1741802712442,81981.15,0.00014,False
1741802712442,81981.15,0.00013,False
1741802712442,81981.15,7e-05,False
1741802712444,81981.32,7e-05,False
1741802712447,81981.92,7e-05,False
1741802712450,81982.89,0.00137,False
1741802712450,81982.89,7e-05,False
1741802712450,81982.89,0.0001,False
1741802712450,81982.89,7e-05,False
1741802712450,81982.89,7e-05,False
1741802712450,81982.89,7e-05,False
1741802712450,81982.89,0.0001,False
1741802712450,81982.89,7e-05,False
1741802712450,81982.9,0.0001,False
1741802712450,81982.9,9e-05,False
1741802712450,81983.83,0.00081,False
1741802712450,81983.83,7e-05,False
1741802712450,81985.2,7e-05,False
1741802712450,81985.2,7e-05,False
1741802712450,81985.21,0.00813,False
1741802712450,81985.21,7e-05,False
1741802712450,81985.23,7e-05,False
1741802712450,81985.23,8e-05,False
1741802712450,81985.23,7e-05,False
1741802712450,81985.24,0.03914,False
1741802712453,81985.24,0.00103,False
1741802712453,81985.24,0.0001,False
1741802712453,81985.24,7e-05,False
1741802712453,81985.24,7e-05,False
1741802712457,81986.95,0.00263,False
1741802712457,81986.95,7e-05,False
1741802712457,81986.95,0.0001,False
1741802712457,81986.96,0.0001,False
1741802712457,81987.28,0.00031,False
1741802712457,81987.28,0.00023,False
1741802712457,81987.28,0.00022,False
1741802712457,81987.28,7e-05,False
1741802712457,81987.3,0.00041,False
1741802712457,81987.3,8e-05,False
1741802712457,81987.3,7e-05,False
1741802712457,81987.9,7e-05,False
1741802712457,81988.34,0.0001,False
1741802712457,81988.4,7e-05,False
1741802712457,81988.4,8e-05,False
1741802712457,81988.6,0.001,False
1741802712457,81988.85,0.00013,False
1741802712457,81989.02,0.00101,False
1741802712457,81990.43,0.00505,False
1741802712457,81991.36,0.00013,False
1741802712457,81991.55,7e-05,False
1741802712457,81991.58,8e-05,False
1741802712457,81991.8,0.00013,False
1741802712457,81992.31,0.0004,False
1741802712457,81992.31,7e-05,False
1741802712472,81992.58,7e-05,False
1741802712472,81992.58,0.00024,False
1741802712472,81992.58,7e-05,False
1741802712472,81992.76,0.00058,False
1741802712472,81992.76,0.00058,False
1741802712503,81992.76,0.00071,True
1741802712671,81992.76,0.0126,True
1741802712671,81992.76,0.06881,True
1741802712671,81992.76,0.52824,True
