timestamp,price,volume,is_ask
1741432306238,85869.31,0.00016,False
1741432306303,85869.3,0.00032,True
1741432306997,85869.3,0.00059,True
1741432307513,85869.31,0.00116,False
1741432308127,85869.3,6e-05,True
1741432308127,85869.3,0.00014,True
1741432308458,85869.31,0.00388,False
1741432308623,85869.3,0.0002,True
1741432308702,85869.3,0.00247,True
1741432308704,85869.3,0.00346,True
1741432308704,85869.3,6e-05,True
1741432308704,85869.3,6e-05,True
1741432308704,85869.3,6e-05,True
1741432308704,85869.3,6e-05,True
1741432308704,85869.3,0.00013,True
1741432308704,85869.3,6e-05,True
1741432308704,85869.3,7e-05,True
1741432308704,85869.3,7e-05,True
1741432308704,85869.3,0.00015,True
1741432308704,85869.3,0.04171,True
1741432308704,85869.3,0.01303,True
1741432308986,85869.31,0.00755,False
1741432308986,85869.31,0.01099,False
1741432309188,85869.3,0.00212,True
1741432309413,85869.3,0.00055,True
1741432309746,85869.31,9e-05,False
1741432309771,85869.3,0.00022,True
1741432310433,85869.31,0.00016,False
1741432310741,85869.3,0.00598,True
1741432310741,85869.3,6e-05,True
1741432310741,85869.3,6e-05,True
1741432310741,85869.3,7e-05,True
1741432310741,85869.3,7e-05,True
1741432310741,85869.3,6e-05,True
1741432310741,85869.3,6e-05,True
1741432310741,85869.3,6e-05,True
1741432310741,85869.3,6e-05,True
1741432310741,85869.3,6e-05,True
1741432310741,85869.3,0.0001,True
1741432310741,85869.3,0.0001,True
1741432310741,85869.3,0.00014,True
1741432310741,85869.3,0.00214,True
1741432310741,85869.3,9e-05,True
1741432310741,85869.3,6e-05,True
1741432310741,85869.3,7e-05,True
1741432310741,85869.29,6e-05,True
1741432310741,85869.29,6e-05,True
1741432310741,85869.29,0.00885,True
1741432310741,85869.29,0.00064,True
1741432310741,85869.29,0.00953,True
1741432310741,85869.29,0.00885,True
1741432310741,85869.29,0.00953,True
1741432310741,85869.29,0.00885,True
1741432310741,85869.29,0.00953,True
1741432310741,85869.29,0.00885,True
1741432310741,85869.29,0.00953,True
1741432310741,85869.29,0.00885,True
1741432310741,85869.29,0.00953,True
1741432310741,85869.29,0.00885,True
1741432310741,85869.29,0.00953,True
1741432310741,85869.29,0.00885,True
1741432310741,85869.29,0.00851,True
1741432310741,85869.29,0.00102,True
1741432310741,85869.29,0.00885,True
1741432310741,85869.29,0.00953,True
1741432310741,85869.29,0.00885,True
1741432310741,85869.29,0.00953,True
1741432310741,85869.29,0.00882,True
1741432310741,85869.29,0.00949,True
1741432310741,85869.28,6e-05,True
1741432310741,85869.28,6e-05,True
1741432310741,85869.27,6e-05,True
1741432310741,85869.27,6e-05,True
1741432310741,85869.26,6e-05,True
1741432310741,85869.26,6e-05,True
1741432310741,85869.25,6e-05,True
1741432310741,85869.25,0.00013,True
1741432310741,85869.25,0.00142,True
1741432310741,85869.24,6e-05,True
1741432310741,85869.23,6e-05,True
1741432310741,85869.23,0.00114,True
1741432310741,85869.19,0.00014,True
1741432310741,85869.14,0.00014,True
1741432310741,85869.1,6e-05,True
1741432310741,85869.1,6e-05,True
1741432310741,85869.09,7e-05,True
1741432310741,85869.09,7e-05,True
1741432310741,85869.09,0.00157,True
1741432310741,85869.09,7e-05,True
1741432310741,85869.08,0.00841,True
1741432310741,85869.01,7e-05,True
1741432310741,85868.67,7e-05,True
1741432310741,85868.67,7e-05,True
1741432310741,85868.67,7e-05,True
1741432310741,85868.66,0.00058,True
1741432310741,85868.66,0.01028,True
1741432310741,85868.66,0.00124,True
1741432310741,85868.66,6e-05,True
1741432310741,85868.66,6e-05,True
1741432310741,85868.51,7e-05,True
1741432310741,85868.39,7e-05,True
1741432310741,85868.39,7e-05,True
1741432310741,85868.39,0.00013,True
1741432310741,85868.39,7e-05,True
1741432310741,85868.38,0.02425,True
1741432310741,85868.19,0.0104,True
1741432310741,85868.12,0.01493,True
1741432310741,85868.03,0.00524,True
1741432310741,85868.03,0.00969,True
1741432310741,85868.0,0.002,True
1741432310741,85868.0,0.0001,True
1741432310741,85868.0,0.0001,True
1741432310741,85868.0,0.00015,True
1741432310741,85867.92,9e-05,True
1741432310741,85867.36,7e-05,True
1741432310741,85867.35,0.01591,True
1741432310741,85866.86,0.003,True
1741432310741,85866.66,7e-05,True
1741432310741,85866.66,0.00019,True
1741432310741,85866.53,7e-05,True
1741432310741,85866.3,7e-05,True
1741432310741,85865.84,0.01014,True
1741432310741,85865.65,7e-05,True
1741432310741,85865.65,9e-05,True
1741432310741,85865.64,0.01684,True
1741432310741,85865.18,0.00825,True
1741432310741,85865.07,7e-05,True
1741432310741,85864.82,0.00106,True
1741432310741,85864.21,9e-05,True
1741432310741,85864.1,0.00011,True
1741432310741,85864.06,0.0008,True
1741432310741,85864.0,0.0001,True
1741432310741,85864.0,0.002,True
1741432310741,85864.0,0.0001,True
1741432310741,85864.0,0.00015,True
1741432310741,85863.78,0.00812,True
1741432310741,85863.59,0.00585,True
1741432310741,85863.57,0.01602,True
1741432310741,85863.54,0.00017,True
1741432310741,85863.38,0.02284,True
1741432310741,85863.0,8e-05,True
1741432310741,85862.79,0.00012,True
1741432310741,85862.56,6e-05,True
1741432310741,85862.4,0.00012,True
1741432310741,85862.26,0.00443,True
1741432310741,85862.1,0.00728,True
1741432310741,85862.09,8e-05,True
1741432310741,85862.0,0.00145,True
1741432310741,85862.0,0.02184,True
1741432310741,85860.51,0.002,True
1741432310741,85860.46,0.00051,True
1741432310741,85860.0,0.0001,True
1741432310741,85860.0,0.002,True
1741432310741,85860.0,0.0001,True
1741432310741,85860.0,0.00015,True
1741432310741,85860.0,0.00093,True
1741432310741,85859.61,0.00048,True
1741432310742,85859.44,0.0186,True
1741432310742,85859.43,0.00084,True
1741432310742,85859.02,7e-05,True
1741432310742,85858.96,7e-05,True
1741432310742,85858.29,0.00087,True
1741432310742,85858.29,0.00084,True
1741432310742,85858.28,0.00078,True
1741432310742,85858.27,0.003,True
1741432310742,85858.22,6e-05,True
1741432310742,85858.19,0.0009,True
1741432310742,85858.17,0.00017,True
1741432310742,85858.04,0.01177,True
1741432310742,85858.0,0.00135,True
1741432310742,85857.7,0.0001,True
1741432310742,85857.62,0.00058,True
1741432310742,85857.62,0.00115,True
1741432310742,85857.28,0.00016,True
1741432310742,85857.17,0.01159,True
1741432310742,85857.14,0.00041,True
1741432310742,85857.14,0.01264,True
1741432310742,85857.14,7e-05,True
1741432310742,85857.14,6e-05,True
1741432310742,85856.75,0.00155,True
1741432310742,85856.74,0.00156,True
1741432310742,85856.66,0.00106,True
1741432310742,85856.6,0.00022,True
1741432310742,85856.55,0.21303,True
1741432310742,85856.55,0.23697,True
1741432310742,85856.52,0.00653,True
1741432310743,85856.52,0.00131,True
1741432310743,85856.44,0.00393,True
1741432310743,85856.35,0.00368,True
1741432310743,85856.35,0.0068,True
1741432310743,85856.2,0.001,True
1741432310743,85856.19,0.02283,True
1741432310743,85856.0,0.0001,True
1741432310743,85856.0,0.002,True
1741432310743,85856.0,0.0001,True
1741432310743,85856.0,0.00015,True
1741432310743,85855.98,0.02312,True
1741432310743,85855.97,9e-05,True
1741432310743,85855.8,0.05764,True
1741432310743,85855.79,0.01159,True
1741432310743,85855.69,0.01447,True
1741432310743,85855.67,0.00061,True
1741432310743,85855.1,0.0125,True
1741432310743,85854.78,0.007,True
1741432310744,85854.78,0.00025,True
1741432310744,85854.52,0.01916,True
1741432310744,85854.13,0.0002,True
1741432310744,85853.93,0.00012,True
1741432310744,85853.88,6e-05,True
1741432310744,85853.76,0.01561,True
1741432310744,85853.22,0.00058,True
1741432310744,85853.16,0.00017,True
1741432310744,85852.94,7e-05,True
1741432310744,85852.84,0.00749,True
1741432310744,85852.76,0.01076,True
1741432310744,85852.43,0.00012,True
1741432310744,85852.08,0.01915,True
1741432310744,85852.0,0.0001,True
1741432310744,85852.0,0.002,True
1741432310744,85852.0,0.0001,True
1741432310744,85852.0,0.00015,True
1741432310744,85852.0,6e-05,True
1741432310744,85851.89,0.00385,True
1741432310745,85851.72,0.01814,True
1741432310745,85851.65,7e-05,True
1741432310745,85851.54,7e-05,True
1741432310746,85855.69,6e-05,True
1741432310746,85855.69,6e-05,True
1741432310746,85851.54,0.01348,True
1741432310746,85851.5,0.01029,True
1741432310746,85851.47,0.00939,True
1741432310746,85851.37,0.00984,True
1741432310746,85851.19,0.0299,True
1741432310747,85851.19,0.02933,True
1741432310747,85851.09,0.00816,True
1741432310747,85850.63,0.00506,True
1741432310747,85850.52,0.00012,True
1741432310747,85850.32,7e-05,True
1741432310747,85850.05,0.01689,True
1741432310747,85850.0,0.00465,True
1741432310747,85850.0,0.00353,True
1741432310747,85850.0,0.00089,True
1741432310747,85849.54,6e-05,True
1741432310747,85849.5,0.00012,True
1741432310747,85849.33,0.00012,True
1741432310747,85849.04,0.01008,True
1741432310747,85848.88,0.00012,True
1741432310747,85848.48,0.00011,True
1741432310747,85848.42,0.00084,True
1741432310747,85848.39,0.02428,True
1741432310747,85848.0,0.0001,True
1741432310747,85848.0,0.002,True
1741432310747,85848.0,0.0001,True
1741432310747,85848.0,0.00015,True
1741432310747,85847.96,0.08141,True
1741432310747,85847.95,0.00336,True
1741432310747,85853.51,0.00023,True
1741432310747,85847.95,0.16662,True
1741432310749,85854.52,6e-05,True
1741432310749,85854.52,6e-05,True
1741432310749,85853.76,6e-05,True
1741432310749,85853.76,6e-05,True
1741432310749,85853.5,6e-05,True
1741432310749,85853.5,6e-05,True
1741432310749,85852.08,6e-05,True
1741432310749,85852.08,6e-05,True
1741432310749,85851.98,6e-05,True
1741432310749,85851.98,6e-05,True
1741432310749,85851.54,6e-05,True
1741432310749,85851.54,6e-05,True
1741432310749,85847.6,0.002,True
1741432310749,85847.56,0.00428,True
1741432310751,85851.19,6e-05,True
1741432310751,85851.19,6e-05,True
1741432310751,85850.06,0.00034,True
1741432310751,85849.29,6e-05,True
1741432310751,85849.29,6e-05,True
1741432310751,85848.39,6e-05,True
1741432310751,85848.39,6e-05,True
1741432310751,85848.26,6e-05,True
1741432310751,85848.26,6e-05,True
1741432310751,85847.81,0.00023,True
1741432310751,85847.8,6e-05,True
1741432310751,85847.8,6e-05,True
1741432310751,85847.56,0.01183,True
1741432310758,85848.27,0.00017,True
1741432310758,85847.96,6e-05,True
1741432310758,85847.96,0.00105,True
1741432310758,85847.96,6e-05,True
1741432310766,85847.96,0.0013,False
1741432310775,85847.95,0.0001,True
1741432310775,85847.95,0.0001,True
1741432310775,85847.95,0.1324,True
1741432310775,85847.95,6e-05,True
1741432310775,85847.95,6e-05,True
1741432310775,85847.95,6e-05,True
1741432310775,85847.95,6e-05,True
1741432310775,85847.95,6e-05,True
1741432310775,85847.95,6e-05,True
1741432310775,85847.8,6e-05,True
1741432310775,85847.8,6e-05,True
1741432310775,85847.76,6e-05,True
1741432310775,85847.76,6e-05,True
1741432310775,85847.75,6e-05,True
1741432310775,85847.57,0.0001,True
1741432310778,85847.75,6e-05,True
1741432310797,85847.76,6e-05,True
1741432310797,85847.76,6e-05,True
1741432310797,85847.75,0.00391,True
1741432310797,85847.75,0.0001,True
1741432310797,85847.75,6e-05,True
1741432310797,85847.75,6e-05,True
1741432310797,85847.75,6e-05,True
1741432310797,85847.75,6e-05,True
1741432310797,85847.57,0.00098,True
1741432310797,85847.57,0.00029,True
1741432310797,85847.57,0.00108,True
1741432310797,85847.57,6e-05,True
1741432310797,85847.57,6e-05,True
1741432310797,85847.57,0.0002,True
1741432310797,85847.56,0.0002,True
1741432310812,85847.56,0.00282,True
1741432310812,85847.56,6e-05,True
1741432310812,85847.56,6e-05,True
1741432310812,85847.56,6e-05,True
1741432310849,85847.57,0.00174,False
1741432310853,85847.56,0.0001,True
1741432310853,85847.56,0.0001,True
1741432310853,85847.56,6e-05,True
1741432310853,85847.56,6e-05,True
1741432310853,85847.56,6e-05,True
1741432310853,85847.56,6e-05,True
1741432310853,85847.56,6e-05,True
1741432310853,85847.56,6e-05,True
1741432310853,85847.56,6e-05,True
1741432310853,85847.56,0.00238,True
1741432310853,85847.56,0.0001,True
1741432310898,85847.56,6e-05,True
1741432310898,85847.56,0.0001,True
1741432310898,85847.56,0.0001,True
1741432310898,85847.56,6e-05,True
1741432310898,85847.56,6e-05,True
1741432310898,85847.56,6e-05,True
1741432310898,85847.56,6e-05,True
1741432310898,85847.56,6e-05,True
1741432310898,85847.56,6e-05,True
1741432310898,85847.56,0.00014,True
1741432310898,85847.56,0.01362,True
1741432310898,85847.56,0.0002,True
1741432310902,85847.57,0.00059,False
1741432310951,85847.56,0.0001,True
1741432310951,85847.56,0.0001,True
1741432310951,85847.56,6e-05,True
1741432310951,85847.56,6e-05,True
1741432310951,85847.56,6e-05,True
1741432310951,85847.56,6e-05,True
1741432310951,85847.56,6e-05,True
1741432310951,85847.56,0.0077,True
1741432310951,85847.56,0.0002,True
1741432310951,85847.56,0.00675,True
1741432310952,85847.56,0.007,True
1741432310963,85847.56,0.00025,True
1741432310963,85847.56,0.00025,True
1741432310977,85847.56,0.00025,True
1741432310991,85847.56,0.00039,True
1741432310991,85847.56,6e-05,True
1741432310991,85847.56,6e-05,True
1741432310991,85847.56,0.0001,True
1741432310991,85847.56,0.0001,True
1741432310991,85847.56,6e-05,True
1741432310991,85847.56,6e-05,True
1741432310991,85847.56,6e-05,True
1741432310991,85847.56,6e-05,True
1741432310991,85847.56,6e-05,True
1741432310991,85847.56,6e-05,True
1741432310991,85847.56,0.00291,True
1741432310991,85847.56,0.0002,True
1741432311005,85847.56,6e-05,True
1741432311005,85847.56,0.0001,True
1741432311005,85847.56,0.0001,True
1741432311005,85847.56,6e-05,True
1741432311005,85847.56,6e-05,True
1741432311005,85847.56,6e-05,True
1741432311005,85847.56,6e-05,True
1741432311005,85847.56,6e-05,True
1741432311005,85847.56,6e-05,True
1741432311005,85847.55,6e-05,True
1741432311005,85847.55,6e-05,True
1741432311005,85847.53,7e-05,True
1741432311005,85847.53,7e-05,True
1741432311005,85847.53,6e-05,True
1741432311005,85847.53,6e-05,True
1741432311005,85847.53,7e-05,True
1741432311005,85847.52,0.00425,True
1741432311028,85847.52,0.00102,True
1741432311029,85847.52,6e-05,True
1741432311032,85847.52,6e-05,True
1741432311032,85847.52,6e-05,True
1741432311033,85847.52,0.00202,True
1741432311059,85847.52,0.00631,True
1741432311059,85847.52,6e-05,True
1741432311059,85847.52,6e-05,True
1741432311059,85847.52,6e-05,True
1741432311059,85847.52,0.0001,True
1741432311059,85847.52,0.0001,True
1741432311059,85847.52,6e-05,True
1741432311059,85847.52,6e-05,True
1741432311059,85847.52,6e-05,True
1741432311059,85847.52,6e-05,True
1741432311059,85847.52,6e-05,True
1741432311059,85847.51,0.00013,True
1741432311059,85847.51,6e-05,True
1741432311059,85847.51,6e-05,True
1741432311059,85847.4,0.00014,True
1741432311059,85847.4,6e-05,True
1741432311059,85847.4,6e-05,True
1741432311059,85847.15,6e-05,True
1741432311059,85847.15,6e-05,True
1741432311059,85847.1,6e-05,True
1741432311059,85847.1,6e-05,True
1741432311059,85847.0,8e-05,True
1741432311059,85847.0,6e-05,True
1741432311059,85846.99,7e-05,True
1741432311059,85846.99,7e-05,True
1741432311059,85846.99,6e-05,True
1741432311059,85846.99,7e-05,True
1741432311059,85846.98,0.00397,True
1741432311107,85846.98,0.00432,True
1741432311136,85846.98,0.0002,True
1741432311138,85846.98,0.00016,True
1741432311172,85846.99,0.0004,False
1741432311172,85846.99,0.0004,False
1741432311172,85846.99,0.00232,False
1741432311437,85846.99,0.00024,False
1741432311649,85846.99,0.0006,False
1741432311769,85846.99,0.0275,False
1741432311834,85846.99,0.00116,False
1741432312079,85846.99,0.00179,False
1741432312135,85846.98,0.0002,True
1741432312397,85846.99,0.00046,False
1741432312473,85846.98,0.00016,True
1741432312583,85846.99,0.00116,False
1741432312716,85846.98,0.00314,True
1741432312716,85846.98,6e-05,True
1741432312716,85846.98,6e-05,True
1741432312716,85846.98,6e-05,True
1741432312716,85846.98,6e-05,True
1741432312716,85846.98,0.00013,True
1741432312716,85846.98,0.00337,True
1741432312716,85846.98,6e-05,True
1741432312716,85846.98,6e-05,True
1741432312716,85846.98,6e-05,True
1741432312716,85846.98,6e-05,True
1741432312716,85846.96,6e-05,True
1741432312716,85846.96,6e-05,True
1741432312716,85846.93,6e-05,True
1741432312716,85846.93,6e-05,True
1741432312716,85846.92,7e-05,True
1741432312716,85846.92,7e-05,True
1741432312716,85846.92,6e-05,True
1741432312716,85846.92,6e-05,True
1741432312716,85846.92,0.00013,True
1741432312716,85846.92,7e-05,True
1741432312716,85846.91,0.00661,True
1741432312716,85846.91,6e-05,True
1741432312716,85846.91,6e-05,True
1741432312716,85846.85,0.00014,True
1741432312716,85846.85,6e-05,True
1741432312716,85846.84,6e-05,True
1741432312716,85846.82,7e-05,True
1741432312716,85846.82,7e-05,True
1741432312716,85846.82,6e-05,True
1741432312716,85846.82,6e-05,True
1741432312716,85846.82,7e-05,True
1741432312716,85846.81,0.01249,True
1741432312852,85846.82,0.00063,False
1741432312935,85846.81,0.00014,True
1741432312935,85846.81,6e-05,True
1741432312935,85846.81,6e-05,True
1741432312935,85846.81,6e-05,True
1741432312935,85846.81,6e-05,True
1741432312935,85846.81,6e-05,True
1741432312935,85846.81,6e-05,True
1741432312935,85846.81,6e-05,True
1741432312935,85846.81,0.00013,True
1741432312935,85846.81,0.0735,True
1741432312935,85846.81,6e-05,True
1741432312935,85846.75,0.00013,True
1741432312935,85846.75,6e-05,True
1741432312935,85846.75,6e-05,True
1741432312935,85846.67,7e-05,True
1741432312935,85846.67,7e-05,True
1741432312935,85846.67,8e-05,True
1741432312935,85846.67,6e-05,True
1741432312935,85846.67,6e-05,True
1741432312935,85846.67,7e-05,True
1741432312935,85846.66,0.0209,True
1741432312935,85846.66,6e-05,True
1741432312935,85846.66,6e-05,True
1741432312935,85846.66,6e-05,True
1741432312935,85846.66,6e-05,True
1741432312935,85846.65,0.00013,True
1741432312935,85846.65,6e-05,True
1741432312935,85846.65,6e-05,True
1741432312935,85846.54,7e-05,True
1741432312935,85846.54,7e-05,True
1741432312935,85846.54,6e-05,True
1741432312935,85846.54,7e-05,True
1741432312935,85846.53,0.0106,True
1741432312935,85846.53,6e-05,True
1741432312935,85846.44,7e-05,True
1741432312935,85846.44,7e-05,True
1741432312935,85846.44,7e-05,True
1741432312935,85846.44,6e-05,True
1741432312935,85846.44,7e-05,True
1741432312935,85846.43,0.01999,True
1741432312935,85846.43,6e-05,True
1741432312935,85846.43,6e-05,True
1741432312935,85846.4,7e-05,True
1741432312935,85846.32,0.0091,True
1741432312935,85846.15,8e-05,True
1741432312935,85845.86,8e-05,True
1741432312935,85845.59,0.00014,True
1741432312935,85845.59,0.0001,True
1741432312935,85845.59,7e-05,True
1741432312935,85845.59,7e-05,True
1741432312935,85845.59,7e-05,True
1741432312935,85845.58,0.07895,True
1741432312935,85845.54,0.0001,True
1741432312935,85845.31,0.00076,True
1741432312935,85845.25,0.00233,True
1741432312935,85844.91,9e-05,True
1741432312935,85844.86,9e-05,True
1741432312935,85844.65,9e-05,True
1741432312935,85844.65,0.00013,True
1741432312935,85844.62,0.003,True
1741432312935,85844.03,0.00013,True
1741432312935,85844.02,0.0166,True
1741432312935,85844.0,0.0001,True
1741432312935,85844.0,0.002,True
1741432312935,85844.0,0.0001,True
1741432312935,85844.0,0.00015,True
1741432312935,85843.91,0.00026,True
1741432312935,85843.8,0.01673,True
1741432312935,85843.59,0.0002,True
1741432312935,85843.58,0.01884,True
1741432312935,85843.44,0.00996,True
1741432312935,85843.39,0.01447,True
1741432312935,85843.19,0.01282,True
1741432312935,85843.08,7e-05,True
1741432312935,85842.99,0.00377,True
1741432312935,85842.79,0.00789,True
1741432312935,85842.77,0.00012,True
1741432312935,85842.64,0.00028,True
1741432312935,85842.56,0.00962,True
1741432312935,85842.49,0.00036,True
1741432312935,85842.43,0.00013,True
1741432312935,85842.43,0.00022,True
1741432312935,85842.42,0.00022,True
1741432312935,85842.41,0.01411,True
1741432312935,85842.4,0.01464,True
1741432312935,85842.27,9e-05,True
1741432312935,85842.27,7e-05,True
1741432312935,85842.22,0.01519,True
1741432312935,85842.05,0.00069,True
1741432312935,85841.94,0.0217,True
1741432312935,85841.88,0.0097,True
1741432312935,85841.55,0.00023,True
1741432312935,85841.48,0.01931,True
1741432312935,85841.46,8e-05,True
1741432312935,85841.37,0.00083,True
1741432312935,85841.37,0.00106,True
1741432312935,85841.28,0.00011,True
1741432312935,85841.03,7e-05,True
1741432312935,85840.8,6e-05,True
1741432312935,85840.8,7e-05,True
1741432312935,85840.8,0.00036,True
1741432312935,85840.8,0.00024,True
1741432312935,85840.71,0.03407,True
1741432312935,85840.67,0.00015,True
1741432312935,85840.51,6e-05,True
1741432312935,85840.46,0.00059,True
1741432312935,85840.38,7e-05,True
1741432312935,85840.35,0.00048,True
1741432312935,85840.35,0.04006,True
1741432312935,85840.35,0.01165,True
1741432312935,85840.34,0.0225,True
1741432312935,85840.0,0.0001,True
1741432312935,85840.0,0.002,True
1741432312935,85840.0,0.0001,True
1741432312935,85840.0,0.00015,True
1741432312935,85839.39,0.00942,True
1741432312935,85839.37,7e-05,True
1741432312935,85839.11,0.01464,True
1741432312935,85839.0,6e-05,True
1741432312935,85838.8,0.01659,True
1741432312935,85838.46,8e-05,True
1741432312935,85838.29,9e-05,True
1741432312935,85838.17,0.01252,True
1741432312935,85838.04,0.01083,True
1741432312935,85838.02,0.01466,True
1741432312935,85837.98,0.01621,True
1741432312935,85837.89,0.01136,True
1741432312935,85837.84,6e-05,True
1741432312935,85837.84,0.00868,True
1741432312935,85837.63,0.0123,True
1741432312935,85837.59,0.00408,True
1741432312935,85837.51,0.01561,True
1741432312935,85837.19,0.00012,True
1741432312935,85836.6,0.00012,True
1741432312935,85836.0,0.0001,True
1741432312935,85836.0,0.002,True
1741432312935,85836.0,0.0001,True
1741432312935,85836.0,0.00015,True
1741432312935,85835.98,0.05048,True
1741432312935,85835.77,0.00012,True
1741432312935,85835.6,0.00013,True
1741432312935,85835.5,0.00038,True
1741432312935,85835.49,0.0072,True
1741432312935,85835.48,0.01997,True
1741432312935,85834.98,0.00012,True
1741432312935,85834.91,6e-05,True
1741432312935,85834.89,0.01434,True
1741432312935,85834.68,0.002,True
1741432312935,85834.52,0.0001,True
1741432312935,85834.45,0.02425,True
1741432312935,85834.42,0.01041,True
1741432312935,85834.39,0.01454,True
1741432312935,85834.39,0.02267,True
1741432312935,85834.17,0.01029,True
1741432312935,85833.9,0.0003,True
1741432312935,85833.44,0.01017,True
1741432312935,85833.35,0.01742,True
1741432312935,85833.33,0.00025,True
1741432312935,85833.33,6e-05,True
1741432312935,85833.33,9e-05,True
1741432312935,85833.15,7e-05,True
1741432312935,85833.0,0.01079,True
1741432312935,85832.97,9e-05,True
1741432312935,85832.9,0.00084,True
1741432312935,85832.69,0.00159,True
1741432312935,85832.51,0.08179,True
1741432312935,85832.51,0.00874,True
1741432312951,85833.33,0.0013,False
1741432313136,85833.32,0.0002,True
1741432313422,85833.33,0.00011,False
1741432313704,85833.32,0.07873,True
1741432313713,85833.33,0.0001,False
1741432313792,85833.33,0.00025,False
1741432313979,85833.33,0.00012,False
1741432314023,85833.32,0.08,True
1741432314024,85833.32,0.03689,True
1741432314024,85833.32,6e-05,True
1741432314024,85833.32,6e-05,True
1741432314024,85833.32,6e-05,True
1741432314024,85833.32,0.00071,True
1741432314024,85833.32,6e-05,True
1741432314024,85833.32,0.00014,True
1741432314024,85833.32,6e-05,True
1741432314024,85833.32,0.00196,True
1741432314024,85833.32,0.01493,True
1741432314024,85833.32,0.00443,True
1741432314024,85833.32,0.01493,True
1741432314024,85833.32,6e-05,True
1741432314024,85833.32,6e-05,True
1741432314024,85833.32,0.1324,True
1741432314024,85833.32,0.00152,True
1741432314024,85833.32,6e-05,True
1741432314024,85833.31,6e-05,True
1741432314024,85833.31,6e-05,True
1741432314024,85833.27,6e-05,True
1741432314024,85833.27,6e-05,True
1741432314024,85833.26,6e-05,True
1741432314024,85833.26,6e-05,True
1741432314024,85833.23,6e-05,True
1741432314024,85833.23,6e-05,True
1741432314024,85833.21,6e-05,True
1741432314024,85833.2,6e-05,True
1741432314024,85833.18,6e-05,True
1741432314024,85832.87,0.00064,True
1741432314024,85832.61,0.00063,True
1741432314024,85832.54,7e-05,True
1741432314024,85832.54,7e-05,True
1741432314024,85832.54,7e-05,True
1741432314024,85832.53,0.00077,True
1741432314024,85832.53,0.00091,True
1741432314024,85832.53,0.00049,True
1741432314024,85832.53,0.00075,True
1741432314024,85832.53,0.00088,True
1741432314024,85832.53,0.00075,True
1741432314024,85832.53,0.00086,True
1741432314024,85832.48,0.00013,True
1741432314024,85832.18,6e-05,True
1741432314024,85832.0,0.0001,True
1741432314024,85832.0,0.002,True
1741432314024,85832.0,0.0001,True
1741432314024,85832.0,0.00015,True
1741432314024,85831.46,0.00024,True
1741432314024,85831.46,0.00012,True
1741432314024,85831.31,8e-05,True
1741432314024,85831.16,6e-05,True
1741432314024,85830.84,0.0018,True
1741432314024,85830.78,8e-05,True
1741432314024,85830.78,7e-05,True
1741432314024,85830.78,7e-05,True
1741432314024,85830.78,7e-05,True
1741432314024,85830.78,7e-05,True
1741432314024,85830.77,0.01621,True
1741432314024,85830.57,0.00036,True
1741432314024,85830.51,7e-05,True
1741432314024,85830.51,7e-05,True
1741432314024,85830.51,7e-05,True
1741432314024,85830.5,0.00241,True
1741432314024,85830.5,0.00621,True
1741432314024,85830.39,0.003,True
1741432314024,85830.17,7e-05,True
1741432314024,85830.17,7e-05,True
1741432314024,85830.17,9e-05,True
1741432314024,85830.17,7e-05,True
1741432314024,85830.15,0.02269,True
1741432314024,85830.14,0.01285,True
1741432314024,85830.0,0.05,True
1741432314024,85829.97,0.01191,True
1741432314024,85829.88,7e-05,True
1741432314024,85829.86,0.01037,True
1741432314024,85829.73,0.00227,True
1741432314025,85829.73,0.00899,True
1741432314025,85829.54,0.00101,True
1741432314025,85829.54,0.005,True
1741432314025,85829.54,0.00478,True
1741432314025,85829.54,0.01069,True
1741432314025,85829.51,0.0001,True
1741432314025,85829.51,0.01464,True
1741432314025,85829.46,0.01309,True
1741432314025,85829.41,0.00256,True
1741432314025,85829.15,0.01509,True
1741432314025,85829.01,9e-05,True
1741432314025,85829.01,6e-05,True
1741432314025,85829.01,0.02027,True
1741432314025,85828.94,6e-05,True
1741432314025,85828.94,0.00024,True
1741432314025,85828.94,9e-05,True
1741432314025,85828.92,0.02086,True
1741432314025,85828.81,7e-05,True
1741432314025,85828.04,0.00019,True
1741432314025,85828.0,0.00216,True
1741432314025,85828.0,0.0001,True
1741432314025,85828.0,0.0001,True
1741432314025,85828.0,0.00015,True
1741432314025,85828.0,0.002,True
1741432314025,85828.0,0.0002,True
1741432314025,85828.0,0.0001,True
1741432314025,85828.0,0.00012,True
1741432314025,85828.0,0.00118,True
1741432314025,85827.84,6e-05,True
1741432314025,85827.34,0.00237,True
1741432314025,85827.19,0.0001,True
1741432314025,85826.96,0.00116,True
1741432314025,85826.93,0.02369,True
1741432314025,85826.63,0.00025,True
1741432314025,85826.6,0.00256,True
1741432314025,85826.5,0.01565,True
1741432314025,85826.26,0.00012,True
1741432314025,85826.26,0.01914,True
1741432314025,85826.21,0.00049,True
1741432314025,85826.18,7e-05,True
1741432314025,85826.13,0.0083,True
1741432314025,85826.04,0.02521,True
1741432314025,85826.03,0.00012,True
1741432314025,85825.69,0.00141,True
1741432314026,85825.69,0.00651,True
1741432314026,85825.6,0.00349,True
1741432314026,85825.6,0.01812,True
1741432314026,85825.54,0.00398,True
1741432314026,85825.29,0.01749,True
1741432314026,85825.05,0.00026,True
1741432314026,85824.92,0.01387,True
1741432314026,85824.86,7e-05,True
1741432314026,85824.86,0.00421,True
1741432314027,85824.86,0.00057,True
1741432314029,85824.93,0.00116,False
1741432314058,85824.87,0.0026,False
1741432314068,85824.86,0.00024,True
1741432314119,85824.87,0.00174,False
1741432314155,85824.86,0.0002,True
1741432314377,85824.86,0.00099,True
1741432314775,85824.87,6e-05,False
1741432314775,85824.87,6e-05,False
1741432314775,85824.87,4e-05,False
1741432314881,85824.87,0.00184,False
1741432314986,85824.87,0.0002,False
1741432314987,85824.87,8e-05,False
1741432315064,85824.87,0.00116,False
1741432315173,85824.86,0.00016,True
1741432315703,85824.87,0.06995,False
1741432315756,85824.87,0.00598,False
1741432315971,85824.87,6e-05,False
1741432315971,85824.87,0.00014,False
1741432315971,85824.87,0.04499,False
1741432315971,85824.87,0.00014,False
1741432315971,85824.87,6e-05,False
1741432315971,85824.87,6e-05,False
1741432315971,85824.87,6e-05,False
1741432315971,85824.87,0.00163,False
1741432315971,85824.87,6e-05,False
1741432315971,85824.87,6e-05,False
1741432315971,85824.87,0.0001,False
1741432315971,85824.87,0.09964,False
1741432315971,85824.87,0.04708,False
1741432315971,85824.87,0.0008,False
1741432315971,85824.87,0.0001,False
1741432315971,85824.87,0.00058,False
1741432315971,85824.87,0.0001,False
1741432315971,85824.87,0.0001,False
1741432315971,85824.87,0.0001,False
1741432315971,85824.87,6e-05,False
1741432315971,85824.87,6e-05,False
1741432315971,85824.88,6e-05,False
1741432315971,85824.88,6e-05,False
1741432315971,85824.91,6e-05,False
1741432315971,85824.91,6e-05,False
1741432315971,85824.92,6e-05,False
1741432315971,85824.92,6e-05,False
1741432315971,85824.93,6e-05,False
1741432315971,85824.93,6e-05,False
1741432315971,85824.94,0.00013,False
1741432315971,85824.94,6e-05,False
1741432315971,85824.95,6e-05,False
1741432315971,85825.73,6e-05,False
1741432315971,85825.73,6e-05,False
1741432315971,85826.57,7e-05,False
1741432315971,85826.57,7e-05,False
1741432315971,85826.57,7e-05,False
1741432315972,85826.58,0.01165,False
1741432315972,85826.94,0.00144,False
1741432315972,85826.94,0.00052,False
1741432315972,85828.32,8e-05,False
1741432315983,85829.45,7e-05,False
1741432315983,85829.45,7e-05,False
1741432315983,85829.45,9e-05,False
1741432315983,85829.45,6e-05,False
1741432315983,85829.45,6e-05,False
1741432315983,85829.45,4e-05,False
1741432316016,85829.45,2e-05,False
1741432316016,85829.45,6e-05,False
1741432316016,85829.45,6e-05,False
1741432316016,85829.45,0.0001,False
1741432316016,85829.45,6e-05,False
1741432316016,85829.45,6e-05,False
1741432316016,85829.45,6e-05,False
1741432316016,85829.45,6e-05,False
1741432316016,85829.45,6e-05,False
1741432316016,85829.45,6e-05,False
1741432316016,85829.45,0.0001,False
1741432316016,85829.45,0.0001,False
1741432316016,85829.45,0.0001,False
1741432316016,85829.45,0.0001,False
1741432316016,85829.45,6e-05,False
1741432316016,85829.45,6e-05,False
1741432316016,85829.46,6e-05,False
1741432316016,85829.46,6e-05,False
1741432316016,85829.61,0.00014,False
1741432316016,85829.61,6e-05,False
1741432316016,85830.0,6e-05,False
1741432316016,85830.0,6e-05,False
1741432316016,85830.53,6e-05,False
1741432316016,85830.53,6e-05,False
1741432316016,85830.54,6e-05,False
1741432316016,85830.63,6e-05,False
1741432316016,85830.64,6e-05,False
1741432316016,85830.64,6e-05,False
1741432316016,85830.64,6e-05,False
1741432316016,85830.93,6e-05,False
1741432316016,85830.93,6e-05,False
1741432316016,85830.96,7e-05,False
1741432316016,85830.96,7e-05,False
1741432316016,85830.96,0.0015,False
1741432316016,85830.96,7e-05,False
1741432316034,85830.97,0.00012,False
1741432316052,85830.96,0.00843,True
1741432316052,85830.96,0.00257,True
1741432316266,85830.97,0.00995,False
1741432316266,85830.97,6e-05,False
1741432316266,85830.97,6e-05,False
1741432316266,85830.97,6e-05,False
1741432316266,85830.97,0.00072,False
1741432316430,85830.97,0.0001,False
1741432316430,85830.97,6e-05,False
1741432316430,85830.97,0.00503,False
1741432316430,85830.97,0.00013,False
1741432316430,85830.97,0.01406,False
1741432316433,85830.97,0.00516,False
1741432316456,85830.97,0.00116,False
1741432316892,85830.96,0.00016,True
1741432317582,85830.96,9e-05,True
1741432318086,85830.97,0.00045,False
1741432318420,85830.97,0.00299,False
1741432318422,85830.97,0.00313,False
1741432318424,85830.97,0.00484,False
1741432318659,85830.97,0.00012,False
1741432318848,85830.96,0.00026,True
1741432318869,85830.97,0.00016,False
1741432318956,85830.97,0.01299,False
1741432318993,85830.97,0.00034,False
1741432319136,85830.96,0.0002,True
1741432319400,85830.96,0.00397,True
1741432320058,85830.97,0.00015,False
1741432320100,85830.97,0.00014,False
1741432320109,85830.96,0.00011,True
1741432320355,85830.97,0.01391,False
1741432320703,85830.97,0.07577,False
1741432320767,85830.96,0.00016,True
1741432320801,85830.97,0.00892,False
1741432320840,85830.97,0.4029,False
1741432320841,85830.97,0.05768,False
1741432320841,85830.97,0.00085,False
1741432320841,85830.97,0.00013,False
1741432320841,85830.97,6e-05,False
1741432320841,85830.97,6e-05,False
1741432320841,85830.97,0.00582,False
1741432320841,85830.97,6e-05,False
1741432320841,85830.97,0.00582,False
1741432320841,85830.97,6e-05,False
1741432320841,85830.97,0.00058,False
1741432320841,85830.97,6e-05,False
1741432320841,85830.97,0.00085,False
1741432320841,85830.97,6e-05,False
1741432320841,85830.97,0.1,False
1741432320841,85830.97,0.00085,False
1741432320841,85830.97,0.0007,False
1741432320841,85830.97,0.0001,False
1741432320841,85830.97,0.00011,False
1741432320841,85830.97,0.0001,False
1741432320841,85830.97,0.0001,False
1741432320841,85830.97,0.04658,False
1741432320841,85830.98,6e-05,False
1741432320841,85830.98,6e-05,False
1741432320841,85830.99,6e-05,False
1741432320841,85830.99,6e-05,False
1741432320841,85831.0,0.00014,False
1741432320841,85831.0,6e-05,False
1741432320841,85831.0,6e-05,False
1741432320841,85831.01,6e-05,False
1741432320841,85831.01,6e-05,False
1741432320841,85831.02,6e-05,False
1741432320841,85831.02,0.00013,False
1741432320841,85831.03,6e-05,False
1741432320841,85831.04,0.00013,False
1741432320841,85831.04,6e-05,False
1741432320841,85831.51,7e-05,False
1741432320841,85831.51,7e-05,False
1741432320841,85831.51,7e-05,False
1741432320841,85831.6,0.00012,False
1741432320841,85831.73,0.01165,False
1741432320844,85832.66,6e-05,False
1741432320844,85832.66,6e-05,False
1741432320844,85833.39,7e-05,False
1741432320844,85833.39,7e-05,False
1741432320844,85833.39,7e-05,False
1741432320844,85833.4,0.01967,False
1741432320844,85833.4,0.00033,False
1741432320844,85833.4,6e-05,False
1741432320844,85833.4,0.002,False
1741432320844,85833.4,6e-05,False
1741432320844,85833.46,0.003,False
1741432320851,85833.46,6e-05,False
1741432320851,85833.46,6e-05,False
1741432320851,85833.46,6e-05,False
1741432320851,85833.46,0.0001,False
1741432320851,85833.46,0.0001,False
1741432320851,85833.46,0.0001,False
1741432320851,85833.46,6e-05,False
1741432320851,85833.46,6e-05,False
1741432320851,85833.46,6e-05,False
1741432320851,85833.46,4e-05,False
1741432320851,85833.46,2e-05,False
1741432320851,85833.46,6e-05,False
1741432320851,85833.49,7e-05,False
1741432320851,85833.49,7e-05,False
1741432320851,85833.49,6e-05,False
1741432320851,85833.49,0.0015,False
1741432320851,85833.49,7e-05,False
1741432320851,85833.5,0.00014,False
1741432320885,85833.5,0.01986,False
1741432320885,85833.5,6e-05,False
1741432320885,85833.5,6e-05,False
1741432320885,85833.5,6e-05,False
1741432320885,85833.5,6e-05,False
1741432320885,85833.5,6e-05,False
1741432320885,85833.5,6e-05,False
1741432320885,85833.5,0.0001,False
1741432320885,85833.5,0.0001,False
1741432320885,85833.5,0.0001,False
1741432320885,85833.5,6e-05,False
1741432320885,85833.5,6e-05,False
1741432320885,85833.5,6e-05,False
1741432320885,85833.5,6e-05,False
1741432320885,85833.5,6e-05,False
1741432320885,85833.53,6e-05,False
1741432320885,85833.53,6e-05,False
1741432320885,85833.6,0.00013,False
1741432320885,85833.6,6e-05,False
1741432320885,85833.6,6e-05,False
1741432320885,85833.62,0.00013,False
1741432320885,85833.62,6e-05,False
1741432320885,85833.62,6e-05,False
1741432320885,85833.93,6e-05,False
1741432320885,85833.93,6e-05,False
1741432320885,85833.93,6e-05,False
1741432320885,85833.93,6e-05,False
1741432320885,85833.93,6e-05,False
1741432320885,85833.94,6e-05,False
1741432320885,85833.95,0.00087,False
1741432320885,85833.95,6e-05,False
1741432320885,85833.99,6e-05,False
1741432320885,85834.51,0.00155,False
1741432320885,85835.17,7e-05,False
1741432320885,85835.17,7e-05,False
1741432320885,85835.17,7e-05,False
1741432320886,85835.18,0.01165,False
1741432320886,85835.39,7e-05,False
1741432320886,85835.39,7e-05,False
1741432320886,85835.39,7e-05,False
1741432320886,85835.4,0.00704,False
1741432320886,85835.4,0.00308,False
1741432320887,85836.05,7e-05,False
1741432320887,85836.05,7e-05,False
1741432320887,85836.05,7e-05,False
1741432320887,85836.06,0.06748,False
1741432320887,85836.06,0.05597,False
1741432320887,85836.06,6e-05,False
1741432320887,85836.06,6e-05,False
1741432320888,85836.06,6e-05,False
1741432320892,85836.99,6e-05,False
1741432320892,85836.99,6e-05,False
1741432320892,85836.99,0.0001,False
1741432320892,85837.99,7e-05,False
1741432320892,85837.99,7e-05,False
1741432320892,85837.99,0.0015,False
1741432320892,85837.99,7e-05,False
1741432320892,85838.58,0.00112,False
1741432320892,85838.58,6e-05,False
1741432320892,85838.58,6e-05,False
1741432320892,85838.65,7e-05,False
1741432320892,85838.65,7e-05,False
1741432320892,85838.65,7e-05,False
1741432320892,85839.99,7e-05,False
1741432320892,85839.99,7e-05,False
1741432320892,85839.99,7e-05,False
1741432320892,85840.0,6e-05,False
1741432320892,85840.0,6e-05,False
1741432320892,85840.01,7e-05,False
1741432320892,85840.01,7e-05,False
1741432320892,85840.01,7e-05,False
1741432320892,85840.02,0.00116,False
1741432320967,85840.01,0.00046,True
1741432321003,85840.02,0.00069,False
1741432321086,85840.02,0.00073,False
1741432321090,85840.01,0.002,True
1741432321130,85840.02,0.00012,False
1741432321373,85840.01,0.00024,True
1741432321676,85840.02,0.0002,False
1741432321914,85840.02,0.00055,False
1741432321917,85840.01,0.00042,True
1741432321969,85840.01,0.00025,True
1741432322125,85840.02,0.00021,False
1741432322169,85840.02,0.00645,False
1741432322169,85840.02,0.00014,False
1741432322169,85840.02,6e-05,False
1741432322169,85840.02,6e-05,False
1741432322169,85840.02,0.00503,False
1741432322169,85840.02,6e-05,False
1741432322169,85840.02,0.00032,False
1741432322169,85840.02,6e-05,False
1741432322169,85840.02,6e-05,False
1741432322169,85840.02,6e-05,False
1741432322169,85840.02,6e-05,False
1741432322169,85840.02,0.0001,False
1741432322169,85840.02,0.0001,False
1741432322169,85840.02,0.0001,False
1741432322169,85840.02,6e-05,False
1741432322169,85840.03,6e-05,False
1741432322169,85840.03,6e-05,False
1741432322169,85840.04,6e-05,False
1741432322169,85840.04,6e-05,False
1741432322169,85840.05,0.00014,False
1741432322169,85840.05,6e-05,False
1741432322169,85840.05,6e-05,False
1741432322169,85840.07,6e-05,False
1741432322169,85840.07,6e-05,False
1741432322169,85840.08,0.00031,False
1741432322169,85840.08,0.00031,False
1741432322169,85840.08,0.00031,False
1741432322169,85840.08,6e-05,False
1741432322169,85840.08,0.00014,False
1741432322169,85840.09,6e-05,False
1741432322169,85840.11,0.00014,False
1741432322169,85840.11,6e-05,False
1741432322169,85840.46,6e-05,False
1741432322169,85841.72,6e-05,False
1741432322169,85841.72,7e-05,False
1741432322169,85841.72,7e-05,False
1741432322169,85841.72,6e-05,False
1741432322169,85841.72,7e-05,False
1741432322215,85841.73,0.01164,False
1741432322215,85841.73,6e-05,False
1741432322215,85841.73,0.0001,False
1741432322215,85841.73,0.0001,False
1741432322215,85841.73,0.0001,False
1741432322215,85841.73,6e-05,False
1741432322215,85841.73,6e-05,False
1741432322215,85841.73,6e-05,False
1741432322215,85841.73,6e-05,False
1741432322215,85841.73,6e-05,False
1741432322215,85841.73,6e-05,False
1741432322215,85841.73,6e-05,False
1741432322215,85841.74,9e-05,False
1741432322215,85841.74,6e-05,False
1741432322215,85841.74,6e-05,False
1741432322215,85841.91,7e-05,False
1741432322215,85841.91,7e-05,False
1741432322215,85841.91,7e-05,False
1741432322215,85841.91,6e-05,False
1741432322215,85841.91,6e-05,False
1741432322215,85841.91,9e-05,False
1741432322215,85841.91,9e-05,False
1741432322215,85841.91,9e-05,False
1741432322215,85841.91,7e-05,False
1741432322215,85841.92,0.003,False
1741432322215,85841.92,6e-05,False
1741432322215,85841.92,6e-05,False
1741432322215,85841.99,7e-05,False
1741432322215,85841.99,7e-05,False
1741432322215,85841.99,6e-05,False
1741432322215,85841.99,6e-05,False
1741432322215,85841.99,7e-05,False
1741432322252,85842.0,0.00024,False
1741432322253,85842.0,0.00024,False
1741432322253,85842.0,0.00024,False
1741432322253,85842.0,0.00024,False
1741432322253,85842.0,0.001,False
1741432322253,85842.0,0.00024,False
1741432322253,85842.0,0.00024,False
1741432322253,85842.0,0.00074,False
1741432322258,85841.99,0.00013,True
1741432322288,85841.99,6e-05,True
1741432322319,85841.99,0.01341,True
1741432322526,85842.0,0.00174,False
1741432322555,85842.0,0.00062,False
1741432322660,85842.0,0.00016,False
1741432323153,85842.0,6e-05,False
1741432323153,85842.0,6e-05,False
1741432323153,85842.0,0.00014,False
1741432323153,85842.0,6e-05,False
1741432323153,85842.0,6e-05,False
1741432323153,85842.0,6e-05,False
1741432323153,85842.0,6e-05,False
1741432323153,85842.0,0.0001,False
1741432323153,85842.0,0.0001,False
1741432323153,85842.0,0.0001,False
1741432323153,85842.0,0.0001,False
1741432323153,85842.0,0.0001,False
1741432323153,85842.0,6e-05,False
1741432323153,85842.0,6e-05,False
1741432323153,85842.0,6e-05,False
1741432323153,85842.0,6e-05,False
1741432323153,85842.0,6e-05,False
1741432323153,85842.03,6e-05,False
1741432323153,85842.03,6e-05,False
1741432323153,85842.04,0.00013,False
1741432323153,85842.04,6e-05,False
1741432323153,85842.04,6e-05,False
1741432323153,85842.08,0.00014,False
1741432323153,85842.08,6e-05,False
1741432323153,85842.08,6e-05,False
1741432323153,85842.1,6e-05,False
1741432323153,85842.1,6e-05,False
1741432323153,85842.11,6e-05,False
1741432323153,85842.12,0.00013,False
1741432323153,85842.12,6e-05,False
1741432323153,85842.15,6e-05,False
1741432323153,85842.76,0.00012,False
1741432323153,85843.04,6e-05,False
1741432323153,85843.04,6e-05,False
1741432323153,85843.04,6e-05,False
1741432323153,85843.06,6e-05,False
1741432323153,85843.43,7e-05,False
1741432323153,85843.43,7e-05,False
1741432323153,85843.43,0.0015,False
1741432323153,85843.43,7e-05,False
1741432323234,85843.44,0.00012,False
1741432323244,85843.44,0.01152,False
1741432323244,85843.44,6e-05,False
1741432323244,85843.44,6e-05,False
1741432323244,85843.44,6e-05,False
1741432323244,85843.44,6e-05,False
1741432323244,85843.44,6e-05,False
1741432323244,85843.44,6e-05,False
1741432323244,85843.44,9e-05,False
1741432323244,85843.44,6e-05,False
1741432323244,85843.44,0.0001,False
1741432323244,85843.44,0.0001,False
1741432323244,85843.44,0.0001,False
1741432323244,85843.44,6e-05,False
1741432323244,85843.44,6e-05,False
1741432323244,85843.44,6e-05,False
1741432323244,85843.45,6e-05,False
1741432323244,85843.45,6e-05,False
1741432323244,85843.48,0.00014,False
1741432323244,85843.48,6e-05,False
1741432323244,85843.48,6e-05,False
1741432323244,85843.89,7e-05,False
1741432323244,85843.89,6e-05,False
1741432323244,85843.89,6e-05,False
1741432323244,85843.9,6e-05,False
1741432323244,85843.9,6e-05,False
1741432323244,85843.93,6e-05,False
1741432323244,85843.99,6e-05,False
1741432323244,85843.99,7e-05,False
1741432323244,85843.99,7e-05,False
1741432323244,85843.99,7e-05,False
1741432323248,85844.0,6e-05,False
1741432323248,85844.0,6e-05,False
1741432323248,85844.0,0.0001,False
1741432323248,85844.0,0.0001,False
1741432323248,85844.0,6e-05,False
1741432323248,85844.0,6e-05,False
1741432323248,85844.0,6e-05,False
1741432323248,85844.0,6e-05,False
1741432323248,85844.0,0.0001,False
1741432323248,85844.0,6e-05,False
1741432323248,85844.17,0.00106,False
1741432323248,85844.17,6e-05,False
1741432323248,85844.17,6e-05,False
1741432323248,85845.39,0.0005,False
1741432323248,85845.39,0.01,False
1741432323289,85845.42,0.00012,True
1741432323289,85845.42,9e-05,True
1741432323651,85845.43,6e-05,False
1741432323651,85845.43,6e-05,False
1741432323651,85845.43,0.0015,False
1741432323651,85845.43,0.0001,False
1741432323651,85845.43,0.0001,False
1741432323651,85845.43,0.0001,False
1741432323651,85845.43,6e-05,False
1741432323651,85845.43,6e-05,False
1741432323651,85845.43,6e-05,False
1741432323651,85845.43,6e-05,False
1741432323651,85845.43,0.00013,False
1741432323651,85845.43,0.00118,False
1741432323651,85845.43,6e-05,False
1741432323651,85845.43,6e-05,False
1741432323651,85845.44,6e-05,False
1741432323651,85845.44,6e-05,False
1741432323651,85845.45,0.0001,False
1741432323651,85845.45,6e-05,False
1741432323651,85845.45,6e-05,False
1741432323651,85845.46,6e-05,False
1741432323651,85845.46,6e-05,False
1741432323651,85845.47,0.00013,False
1741432323651,85845.47,6e-05,False
1741432323651,85845.47,6e-05,False
1741432323651,85845.54,0.00014,False
1741432323651,85845.54,6e-05,False
1741432323651,85845.58,7e-05,False
1741432323651,85845.58,7e-05,False
1741432323651,85845.58,6e-05,False
1741432323651,85845.58,0.00012,False
1741432323651,85845.58,0.00012,False
1741432323651,85845.58,0.00012,False
1741432323651,85845.58,7e-05,False
1741432323651,85845.58,7e-05,False
1741432323651,85845.59,0.00303,False
1741432323703,85845.58,0.06626,True
1741432323719,85845.59,0.0017,False
1741432324324,85845.58,0.00016,True
1741432324413,85845.58,0.02331,True
1741432324413,85845.58,0.01,True
1741432324413,85845.58,0.26086,True
1741432324413,85845.58,0.1324,True
1741432324413,85845.58,0.1229,True
1741432324413,85845.58,0.0302,True
1741432324413,85845.58,8e-05,True
1741432324413,85845.58,6e-05,True
1741432324413,85845.58,0.10738,True
1741432324413,85845.58,0.1417,True
1741432324413,85845.58,6e-05,True
1741432324413,85845.58,6e-05,True
1741432324413,85845.58,6e-05,True
1741432324413,85845.58,0.03674,True
1741432324413,85845.58,0.00014,True
1741432324413,85845.58,0.00014,True
1741432324413,85845.58,6e-05,True
1741432324413,85845.58,6e-05,True
1741432324413,85845.58,0.00013,True
1741432324413,85845.58,0.00085,True
1741432324413,85845.58,0.00084,True
1741432324413,85845.58,0.00386,True
1741432324413,85845.58,0.0009,True
1741432324413,85845.58,0.00086,True
1741432324413,85845.58,0.00013,True
1741432324413,85845.58,0.00222,True
1741432324413,85845.58,0.0001,True
1741432324413,85845.58,6e-05,True
1741432324413,85845.58,0.4695,True
1741432324413,85845.58,0.00062,True
1741432324413,85845.58,6e-05,True
1741432324413,85845.58,0.04626,True
1741432324413,85845.58,6e-05,True
1741432324413,85845.56,0.00053,True
1741432324413,85845.56,6e-05,True
1741432324413,85845.56,6e-05,True
1741432324413,85845.47,6e-05,True
1741432324413,85845.47,6e-05,True
1741432324413,85845.47,7e-05,True
1741432324413,85845.47,7e-05,True
1741432324413,85845.47,7e-05,True
1741432324413,85845.46,6e-05,True
1741432324413,85845.46,6e-05,True
1741432324413,85845.46,6e-05,True
1741432324413,85845.46,6e-05,True
1741432324413,85845.45,6e-05,True
1741432324413,85845.45,6e-05,True
1741432324413,85845.44,6e-05,True
1741432324413,85845.43,6e-05,True
1741432324413,85845.43,6e-05,True
1741432324413,85845.43,6e-05,True
1741432324413,85845.42,6e-05,True
1741432324413,85845.42,0.45,True
1741432324413,85845.42,0.00395,True
1741432324413,85845.42,6e-05,True
1741432324413,85845.42,6e-05,True
1741432324413,85845.38,8e-05,True
1741432324413,85845.2,6e-05,True
1741432324413,85845.17,0.0001,True
1741432324413,85845.13,0.05804,True
1741432324413,85845.13,6e-05,True
1741432324413,85845.13,6e-05,True
1741432324413,85844.03,6e-05,True
1741432324413,85844.03,6e-05,True
1741432324413,85843.94,6e-05,True
1741432324413,85843.89,0.12344,True
1741432324413,85843.89,6e-05,True
1741432324413,85843.89,6e-05,True
1741432324413,85843.71,0.01164,True
1741432324413,85843.43,0.00062,True
1741432324413,85843.07,6e-05,True
1741432324413,85842.11,0.00016,True
1741432324413,85842.11,0.00016,True
1741432324413,85842.11,0.00016,True
1741432324413,85842.1,0.45,True
1741432324413,85841.99,0.00058,True
1741432324413,85841.69,0.05814,True
1741432324413,85841.35,0.00057,True
1741432324413,85841.27,0.0001,True
1741432324414,85840.86,6e-05,True
1741432324414,85840.35,0.0101,True
1741432324414,85840.01,0.03,True
1741432324414,85838.9,0.00112,True
1741432324414,85838.56,0.01164,True
1741432324414,85837.19,0.00012,True
1741432324414,85836.52,6e-05,True
1741432324414,85836.14,6e-05,True
1741432324414,85835.45,0.00099,True
1741432324414,85835.35,0.02,True
1741432324414,85834.15,0.04293,True
1741432324414,85833.45,0.45,True
1741432324414,85832.55,0.01165,True
1741432324414,85832.32,0.00013,True
1741432324414,85832.18,6e-05,True
1741432324414,85831.61,0.00012,True
1741432324414,85831.45,0.04293,True
1741432324414,85831.42,0.003,True
1741432324414,85830.96,0.00039,True
1741432324414,85830.96,0.00123,True
1741432324414,85830.96,0.00116,True
1741432324414,85830.96,0.00119,True
1741432324414,85830.96,0.0012,True
1741432324414,85830.62,0.0012,True
1741432324414,85829.75,0.04,True
1741432324414,85829.29,0.00012,True
1741432324414,85829.27,0.01035,True
1741432324414,85829.11,0.00582,True
1741432324414,85828.65,0.16,True
1741432324414,85828.48,0.08545,True
1741432324414,85827.85,0.04,True
1741432324414,85827.84,6e-05,True
1741432324414,85827.71,0.00108,True
1741432324414,85827.67,0.01348,True
1741432324414,85827.65,0.05814,True
1741432324414,85826.8,0.001,True
1741432324414,85826.65,0.004,True
1741432324414,85826.65,0.01,True
1741432324414,85826.65,0.01,True
1741432324417,85826.65,0.002,True
1741432324418,85826.65,0.005,True
1741432324418,85826.65,0.01548,True
1741432324418,85826.58,0.06452,True
1741432324418,85826.58,0.09725,True
1741432324418,85826.03,0.00012,True
1741432324418,85825.18,0.01009,True
1741432324418,85824.86,0.01956,True
1741432324418,85824.86,0.19298,True
1741432324419,85835.45,6e-05,True
1741432324419,85835.45,6e-05,True
1741432324420,85835.16,6e-05,True
1741432324420,85835.16,6e-05,True
1741432324420,85824.83,0.00058,True
1741432324420,85824.71,7e-05,True
1741432324420,85824.27,0.0085,True
1741432324420,85824.0,0.00012,True
1741432324420,85824.0,0.00011,True
1741432324420,85824.0,0.0001,True
1741432324420,85824.0,0.0001,True
1741432324420,85824.0,0.00015,True
1741432324420,85824.0,0.002,True
1741432324420,85823.66,0.0001,True
1741432324420,85823.57,0.02805,True
1741432324422,85827.85,6e-05,True
1741432324422,85827.85,6e-05,True
1741432324422,85826.65,6e-05,True
1741432324422,85826.65,0.025,True
1741432324422,85826.65,0.00488,True
1741432324422,85826.65,6e-05,True
1741432324422,85826.58,6e-05,True
1741432324422,85826.58,6e-05,True
1741432324422,85823.7,0.00012,True
1741432324422,85823.57,0.02195,True
1741432324422,85823.57,6e-05,True
1741432324422,85823.57,6e-05,True
1741432324422,85823.54,0.0008,True
1741432324422,85823.53,0.00017,True
1741432324422,85823.52,0.00155,True
1741432324422,85823.52,0.00017,True
1741432324422,85823.52,0.00025,True
1741432324422,85823.52,0.00022,True
1741432324422,85823.52,0.00177,True
1741432324422,85823.52,7e-05,True
1741432324422,85823.52,0.0001,True
1741432324422,85823.52,6e-05,True
1741432324422,85823.5,6e-05,True
1741432324422,85823.21,8e-05,True
1741432324422,85823.13,0.00081,True
1741432324422,85823.0,0.00016,True
1741432324422,85823.0,7e-05,True
1741432324422,85822.89,0.00108,True
1741432324422,85822.77,0.0009,True
1741432324422,85822.71,7e-05,True
1741432324422,85822.65,0.01987,True
1741432324422,85822.44,0.00916,True
1741432324422,85822.28,0.01658,True
1741432324422,85822.22,0.00029,True
1741432324422,85822.17,0.02136,True
1741432324422,85822.07,0.01827,True
1741432324422,85822.06,0.01365,True
1741432324428,85822.74,0.00014,True
1741432324428,85822.06,0.01071,True
1741432324428,85822.01,0.00063,True
1741432324428,85822.0,0.00233,True
1741432324428,85822.0,0.01534,True
1741432324432,85822.0,0.00796,True
1741432324432,85821.8,0.003,True
1741432324432,85821.76,0.002,True
1741432324432,85821.7,0.00704,True
1741432324436,85822.28,6e-05,True
1741432324436,85822.28,6e-05,True
1741432324436,85822.17,6e-05,True
1741432324436,85822.17,6e-05,True
1741432324436,85822.07,6e-05,True
1741432324436,85822.07,6e-05,True
1741432324436,85821.7,0.01278,True
1741432324436,85821.47,0.00022,True
1741432324436,85821.44,0.00994,True
1741432324436,85821.44,0.00585,True
1741432324459,85821.44,6e-05,True
1741432324459,85821.44,6e-05,True
1741432324459,85821.21,0.00488,True
1741432324471,85821.22,0.0622,False
1741432324471,85821.22,0.0578,False
1741432324479,85821.22,0.00015,False
1741432324545,85821.22,0.00298,False
1741432324658,85821.21,0.00054,True
1741432324658,85821.21,6e-05,True
1741432324658,85821.21,6e-05,True
1741432324658,85821.21,0.0001,True
1741432324658,85821.21,0.0018,True
1741432324658,85821.21,6e-05,True
1741432324658,85821.21,6e-05,True
1741432324658,85821.21,0.00013,True
1741432324658,85821.21,0.00243,True
1741432324662,85821.21,0.01661,True
1741432324663,85821.21,0.00176,True
1741432324664,85821.21,0.01254,True
1741432324666,85821.21,0.01933,True
1741432324666,85821.21,0.00222,True
1741432324668,85821.21,0.00496,True
1741432324669,85821.21,0.01124,True
1741432324669,85821.21,0.01099,True
1741432324706,85821.21,0.012,True
1741432324740,85821.21,0.02449,True
1741432324742,85821.21,0.00143,True
1741432324742,85821.21,0.00053,True
1741432324742,85821.21,0.00121,True
1741432324742,85821.21,0.00105,True
1741432324742,85821.21,6e-05,True
1741432324742,85821.21,0.00013,True
1741432324742,85821.21,0.00027,True
1741432324742,85821.21,0.00078,True
1741432324742,85821.21,0.00022,True
1741432324742,85821.21,6e-05,True
1741432324742,85821.21,0.00494,True
1741432324743,85821.21,0.01024,True
1741432324743,85821.21,0.01746,True
1741432324744,85821.21,0.00623,True
1741432324828,85821.21,0.0002,True
1741432325266,85821.22,6e-05,False
1741432325266,85821.22,6e-05,False
1741432325306,85821.21,0.00048,True
1741432325379,85821.21,0.00015,True
1741432325385,85821.21,0.00058,True
1741432325529,85821.22,6e-05,False
1741432325529,85821.22,6e-05,False
1741432325529,85821.22,6e-05,False
1741432325529,85821.22,0.00013,False
1741432325529,85821.22,6e-05,False
1741432325529,85821.22,0.00013,False
1741432325529,85821.22,6e-05,False
1741432325529,85821.22,0.00262,False
1741432325532,85821.22,0.00318,False
1741432325534,85821.22,0.00318,False
1741432325535,85821.22,0.00318,False
1741432325536,85821.22,0.00318,False
1741432325608,85821.22,0.0003,False
1741432325777,85821.22,0.00116,False
1741432325808,85821.21,6e-05,True
1741432325808,85821.21,0.0001,True
1741432325808,85821.21,4e-05,True
1741432325866,85821.21,2e-05,True
1741432325866,85821.21,6e-05,True
1741432325866,85821.21,3e-05,True
1741432325871,85821.22,8e-05,False
1741432325985,85821.22,0.00015,False
1741432326025,85821.22,0.00012,False
1741432326155,85821.22,0.00116,False
1741432326351,85821.22,0.00137,False
1741432326572,85821.21,3e-05,True
1741432326572,85821.21,0.00013,True
1741432326694,85821.21,1e-05,True
1741432326694,85821.21,0.00014,True
1741432326694,85821.21,6e-05,True
1741432326694,85821.21,0.00315,True
1741432326716,85821.21,0.00337,True
1741432326735,85821.22,0.01165,False
1741432326769,85821.22,0.00016,False
1741432326815,85821.21,0.0002,True
1741432326855,85821.21,0.00337,True
1741432326908,85821.22,0.03309,False
1741432327041,85821.21,0.00107,True
1741432327041,85821.21,0.0023,True
1741432327090,85821.22,0.0014,False
1741432327419,85821.21,0.00337,True
1741432327567,85821.22,0.00012,False
1741432327815,85821.21,0.0002,True
1741432328005,85821.22,0.00014,False
1741432328334,85821.22,0.00588,False
1741432328343,85821.22,0.00156,False
1741432328618,85821.22,0.00116,False
1741432328663,85821.21,0.00016,True
1741432328712,85821.22,0.00019,False
1741432328734,85821.22,0.00019,False
1741432328877,85821.22,0.00019,False
1741432328909,85821.22,6e-05,False
1741432328909,85821.22,6e-05,False
1741432328909,85821.22,6e-05,False
1741432328909,85821.22,6e-05,False
1741432328909,85821.22,0.00013,False
1741432328909,85821.22,6e-05,False
1741432328909,85821.22,0.0001,False
1741432328909,85821.22,6e-05,False
1741432328909,85821.22,0.00058,False
1741432328909,85821.22,6e-05,False
1741432328909,85821.22,0.0001,False
1741432328909,85821.22,0.0001,False
1741432328909,85821.22,6e-05,False
1741432328909,85821.23,6e-05,False
1741432328909,85821.23,6e-05,False
1741432328909,85821.24,6e-05,False
1741432328909,85821.24,6e-05,False
1741432328909,85821.24,0.00117,False
1741432328909,85821.24,0.01,False
1741432329010,85821.26,6e-05,False
1741432329010,85821.26,6e-05,False
1741432329010,85821.26,0.00013,False
1741432329010,85821.26,6e-05,False
1741432329010,85821.26,0.0001,False
1741432329010,85821.26,0.0001,False
1741432329010,85821.26,0.0001,False
1741432329010,85821.26,6e-05,False
1741432329010,85821.26,6e-05,False
1741432329010,85821.26,6e-05,False
1741432329010,85821.26,6e-05,False
1741432329010,85821.26,0.00014,False
1741432329010,85821.26,6e-05,False
1741432329010,85821.27,6e-05,False
1741432329010,85821.27,6e-05,False
1741432329010,85821.28,6e-05,False
1741432329010,85821.28,7e-05,False
1741432329010,85821.28,6e-05,False
1741432329010,85821.28,7e-05,False
1741432329010,85821.28,7e-05,False
1741432329010,85821.29,7e-05,False
1741432329010,85821.29,7e-05,False
1741432329010,85821.29,6e-05,False
1741432329010,85821.29,0.0015,False
1741432329010,85821.29,6e-05,False
1741432329010,85821.29,7e-05,False
1741432329014,85821.3,0.00399,False
1741432329015,85821.3,0.01601,False
1741432329015,85821.3,6e-05,False
1741432329015,85821.3,6e-05,False
1741432329015,85821.3,6e-05,False
1741432329015,85821.3,6e-05,False
1741432329015,85821.3,6e-05,False
1741432329015,85821.3,6e-05,False
1741432329015,85821.3,6e-05,False
1741432329015,85821.3,6e-05,False
1741432329015,85821.31,0.00014,False
1741432329015,85821.31,6e-05,False
1741432329015,85821.31,6e-05,False
1741432329019,85821.33,6e-05,False
1741432329019,85821.33,6e-05,False
1741432329019,85821.33,6e-05,False
1741432329019,85821.33,6e-05,False
1741432329019,85821.33,6e-05,False
1741432329019,85821.33,6e-05,False
1741432329019,85821.33,6e-05,False
1741432329019,85821.33,6e-05,False
1741432329019,85821.33,0.0001,False
1741432329019,85821.33,6e-05,False
1741432329019,85821.33,6e-05,False
1741432329019,85821.35,6e-05,False
1741432329019,85821.35,6e-05,False
1741432329019,85821.39,6e-05,False
1741432329019,85821.39,6e-05,False
1741432329019,85821.39,6e-05,False
1741432329063,85821.39,1e-05,False
1741432329063,85821.39,0.0001,False
1741432329063,85821.39,8e-05,False
1741432329063,85821.39,6e-05,False
1741432329063,85821.39,0.0001,False
1741432329063,85821.39,6e-05,False
1741432329063,85821.39,6e-05,False
1741432329063,85821.39,6e-05,False
1741432329063,85821.39,6e-05,False
1741432329063,85821.39,6e-05,False
1741432329063,85821.39,6e-05,False
1741432329063,85821.39,6e-05,False
1741432329063,85821.39,7e-05,False
1741432329063,85821.39,6e-05,False
1741432329063,85821.39,6e-05,False
1741432329063,85821.39,7e-05,False
1741432329063,85821.39,6e-05,False
1741432329063,85821.39,6e-05,False
1741432329063,85821.39,7e-05,False
1741432329440,85821.4,6e-05,False
1741432329440,85821.4,0.00013,False
1741432329622,85821.4,0.00012,False
1741432329647,85821.4,0.00222,False
1741432329907,85821.39,0.00029,True
1741432330092,85821.4,0.00023,False
1741432330287,85821.4,0.00572,False
1741432330518,85821.4,0.00227,False
1741432330518,85821.4,0.00014,False
1741432330518,85821.4,6e-05,False
1741432330518,85821.4,0.0001,False
1741432330518,85821.4,6e-05,False
1741432330518,85821.4,6e-05,False
1741432330518,85821.4,6e-05,False
1741432330518,85821.4,6e-05,False
1741432330518,85821.4,6e-05,False
1741432330518,85821.4,0.0001,False
1741432330518,85821.4,0.0001,False
1741432330518,85821.4,0.0001,False
1741432330518,85821.4,0.0001,False
1741432330518,85821.4,6e-05,False
1741432330518,85821.4,6e-05,False
1741432330518,85821.4,0.00031,False
1741432330518,85821.4,6e-05,False
1741432330518,85821.4,6e-05,False
1741432330518,85821.43,6e-05,False
1741432330518,85821.43,6e-05,False
1741432330518,85821.44,6e-05,False
1741432330518,85821.44,6e-05,False
1741432330518,85821.45,6e-05,False
1741432330518,85821.45,6e-05,False
1741432330518,85821.45,0.00014,False
1741432330518,85821.49,6e-05,False
1741432330518,85821.49,6e-05,False
1741432330518,85821.51,6e-05,False
1741432330518,85821.51,0.00014,False
1741432330518,85821.52,6e-05,False
1741432330518,85821.56,0.00013,False
1741432330518,85821.56,6e-05,False
1741432330518,85822.27,6e-05,False
1741432330518,85822.91,8e-05,False
1741432330518,85822.91,8e-05,False
1741432330518,85822.92,7e-05,False
1741432330518,85822.92,7e-05,False
1741432330518,85822.92,7e-05,False
1741432330556,85822.93,0.00016,False
1741432330616,85822.93,0.01149,False
1741432330616,85822.93,6e-05,False
1741432330616,85822.93,6e-05,False
1741432330616,85822.93,6e-05,False
1741432330616,85822.93,0.0001,False
1741432330616,85822.93,0.0001,False
1741432330616,85822.93,0.0001,False
1741432330616,85822.93,6e-05,False
1741432330616,85822.93,6e-05,False
1741432330616,85822.93,6e-05,False
1741432330616,85822.93,6e-05,False
1741432330616,85822.93,6e-05,False
1741432330616,85822.93,0.00013,False
1741432330616,85822.93,0.00503,False
1741432330616,85822.93,6e-05,False
1741432330616,85822.93,6e-05,False
1741432330616,85822.94,8e-05,False
1741432330616,85822.94,6e-05,False
1741432330616,85822.94,6e-05,False
1741432330616,85823.07,0.2213,False
1741432330616,85823.07,0.01,False
1741432330620,85823.1,6e-05,False
1741432330620,85823.1,6e-05,False
1741432330620,85823.1,0.0001,False
1741432330620,85823.1,0.0001,False
1741432330620,85823.1,0.0001,False
1741432330620,85823.13,6e-05,False
1741432330620,85823.13,6e-05,False
1741432330620,85823.13,6e-05,False
1741432330620,85823.92,0.0006,False
1741432330620,85823.92,0.01,False
1741432330703,85823.95,6e-05,False
1741432330703,85823.95,6e-05,False
1741432330703,85823.95,0.0015,False
1741432330703,85823.95,0.0001,False
1741432330703,85823.95,0.0001,False
1741432330703,85823.95,0.0001,False
1741432330703,85823.95,6e-05,False
1741432330703,85823.95,6e-05,False
1741432330703,85823.95,6e-05,False
1741432330703,85823.95,0.0579,False
1741432330703,85823.95,0.01,False
1741432330992,85823.94,0.00012,True
1741432330992,85823.94,0.00459,True
1741432331082,85823.95,6e-05,False
1741432331082,85823.95,5e-05,False
1741432331317,85823.94,0.00074,True
1741432331512,85823.95,5e-05,False
1741432331512,85823.95,6e-05,False
1741432331512,85823.95,6e-05,False
1741432331512,85823.95,6e-05,False
1741432331512,85823.95,6e-05,False
1741432331512,85823.95,6e-05,False
1741432331512,85823.95,0.00013,False
1741432331512,85823.95,6e-05,False
1741432331512,85823.95,0.00795,False
1741432331787,85823.95,0.00015,False
1741432331885,85823.95,0.00093,False
1741432331886,85823.95,0.00161,False
1741432332020,85823.95,0.0084,False
1741432332049,85823.94,0.00016,True
1741432333522,85823.95,0.07459,False
1741432333522,85823.95,0.1204,False
1741432333522,85823.95,0.23004,False
1741432333523,85823.95,0.02543,False
1741432333523,85823.95,0.00085,False
1741432333523,85823.95,0.00085,False
1741432333523,85823.95,0.00085,False
1741432333523,85823.95,0.0001,False
1741432333523,85823.95,6e-05,False
1741432333523,85823.95,6e-05,False
1741432333523,85823.95,6e-05,False
1741432333523,85823.95,6e-05,False
1741432333523,85823.95,0.00013,False
1741432333523,85823.95,6e-05,False
1741432333523,85823.95,0.00088,False
1741432333523,85823.95,0.02408,False
1741432333525,85823.95,0.02456,False
1741432333525,85823.95,6e-05,False
1741432333525,85823.95,0.0001,False
1741432333525,85823.95,0.0001,False
1741432333525,85823.96,6e-05,False
1741432333525,85823.96,6e-05,False
1741432333525,85823.98,6e-05,False
1741432333525,85823.98,6e-05,False
1741432333525,85823.99,6e-05,False
1741432333525,85823.99,6e-05,False
1741432333525,85823.99,7e-05,False
1741432333525,85823.99,7e-05,False
1741432333525,85823.99,0.00014,False
1741432333525,85823.99,7e-05,False
1741432333525,85824.0,6e-05,False
1741432333525,85824.0,6e-05,False
1741432333525,85824.01,6e-05,False
1741432333525,85824.03,6e-05,False
1741432333525,85824.03,0.00013,False
1741432333525,85824.04,6e-05,False
1741432333525,85824.86,6e-05,False
1741432333525,85824.87,0.0001,False
1741432333525,85824.87,0.0001,False
1741432333525,85825.22,7e-05,False
1741432333525,85825.22,7e-05,False
1741432333525,85825.22,7e-05,False
1741432333529,85825.23,0.01165,False
1741432333533,85825.23,0.02472,False
1741432333593,85825.23,0.0001,False
1741432333593,85825.23,6e-05,False
1741432333593,85825.23,6e-05,False
1741432333593,85825.23,6e-05,False
1741432333593,85825.23,6e-05,False
1741432333593,85825.23,6e-05,False
1741432333593,85825.23,6e-05,False
1741432333593,85825.23,6e-05,False
1741432333593,85825.23,6e-05,False
1741432333593,85825.23,0.0001,False
1741432333593,85825.23,6e-05,False
1741432333593,85825.23,6e-05,False
1741432333593,85825.23,0.0001,False
1741432333593,85825.23,6e-05,False
1741432333593,85825.23,0.0001,False
1741432333593,85825.23,0.0001,False
1741432333593,85825.23,0.0001,False
1741432333593,85825.23,0.00013,False
1741432333593,85825.24,0.00012,False
1741432333593,85825.24,6e-05,False
1741432333593,85825.24,6e-05,False
1741432333593,85825.24,6e-05,False
1741432333593,85825.24,6e-05,False
1741432333593,85825.44,6e-05,False
1741432333593,85825.44,6e-05,False
1741432333593,85825.45,6e-05,False
1741432333593,85825.45,6e-05,False
1741432333593,85825.7,6e-05,False
1741432333593,85825.7,6e-05,False
1741432333593,85825.73,6e-05,False
1741432333593,85825.73,6e-05,False
1741432333593,85825.8,7e-05,False
1741432333593,85825.8,7e-05,False
1741432333593,85825.8,6e-05,False
1741432333593,85825.8,7e-05,False
1741432333593,85825.81,0.21953,False
1741432333601,85825.81,0.24997,False
1741432333601,85825.81,6e-05,False
1741432333601,85825.81,6e-05,False
1741432333601,85825.81,0.0001,False
1741432333601,85825.81,0.0001,False
1741432333601,85825.81,0.0001,False
1741432333601,85825.81,6e-05,False
1741432333601,85825.81,6e-05,False
1741432333601,85825.81,6e-05,False
1741432333601,85825.81,6e-05,False
1741432333601,85825.81,6e-05,False
1741432333601,85825.81,6e-05,False
1741432333601,85825.81,6e-05,False
1741432333601,85825.81,6e-05,False
1741432333601,85825.81,6e-05,False
1741432333601,85826.6,6e-05,False
1741432333601,85826.6,6e-05,False
1741432333601,85826.65,9e-05,False
1741432333601,85826.65,9e-05,False
1741432333601,85826.93,7e-05,False
1741432333601,85826.93,7e-05,False
1741432333601,85826.93,6e-05,False
1741432333601,85826.93,6e-05,False
1741432333601,85826.93,7e-05,False
1741432333601,85826.94,0.01165,False
1741432333601,85826.94,6e-05,False
1741432333601,85826.94,6e-05,False
1741432333601,85827.21,8e-05,False
1741432333601,85827.21,6e-05,False
1741432333604,85827.46,6e-05,False
1741432333604,85827.46,0.0001,False
1741432333604,85827.46,0.0001,False
1741432333604,85827.46,6e-05,False
1741432333604,85827.46,6e-05,False
1741432333604,85827.46,6e-05,False
1741432333604,85827.46,6e-05,False
1741432333604,85827.46,6e-05,False
1741432333604,85827.46,6e-05,False
1741432333604,85827.55,0.001,False
1741432333604,85829.99,7e-05,False
1741432333604,85829.99,7e-05,False
1741432333604,85829.99,6e-05,False
1741432333604,85829.99,7e-05,False
1741432333614,85830.0,6e-05,False
1741432333614,85830.0,6e-05,False
1741432333614,85830.0,6e-05,False
1741432333614,85830.0,6e-05,False
1741432333614,85830.0,0.0001,False
1741432333614,85830.0,0.0001,False
1741432333614,85830.0,0.0001,False
1741432333614,85830.0,6e-05,False
1741432333614,85830.0,6e-05,False
1741432333614,85830.0,6e-05,False
1741432333614,85830.0,6e-05,False
1741432333614,85830.0,6e-05,False
1741432333614,85830.0,6e-05,False
1741432333614,85830.01,0.00023,False
1741432333614,85830.01,6e-05,False
1741432333614,85830.01,6e-05,False
1741432333614,85830.2,7e-05,False
1741432333614,85830.2,6e-05,False
1741432333614,85830.2,2e-05,False
1741432333614,85830.2,4e-05,False
1741432333614,85830.33,0.00018,False
1741432333614,85830.33,0.00018,False
1741432333614,85830.33,6e-05,False
1741432333614,85830.33,6e-05,False
1741432333614,85830.34,0.001,False
1741432333614,85830.37,6e-05,False
1741432333614,85830.37,6e-05,False
1741432333614,85831.28,6e-05,False
1741432333614,85831.28,6e-05,False
1741432333614,85831.6,0.00012,False
1741432333614,85831.6,6e-05,False
1741432333614,85831.65,7e-05,False
1741432333614,85831.65,7e-05,False
1741432333614,85831.65,6e-05,False
1741432333614,85831.65,7e-05,False
1741432333640,85831.66,6e-05,False
1741432333640,85831.66,6e-05,False
1741432333640,85831.66,6e-05,False
1741432333640,85831.66,6e-05,False
1741432333640,85831.66,6e-05,False
1741432333640,85831.66,6e-05,False
1741432333640,85831.66,0.0001,False
1741432333640,85831.66,0.0001,False
1741432333640,85831.66,0.0001,False
1741432333640,85831.66,6e-05,False
1741432333640,85831.66,6e-05,False
1741432333640,85831.67,9e-05,False
1741432333640,85831.67,6e-05,False
1741432333640,85831.67,6e-05,False
1741432333640,85831.68,0.00106,False
1741432333640,85831.68,6e-05,False
1741432333640,85831.68,6e-05,False
1741432333640,85831.7,0.00013,False
1741432333640,85831.8,6e-05,False
1741432333640,85831.99,7e-05,False
1741432333640,85831.99,7e-05,False
1741432333640,85831.99,8e-05,False
1741432333640,85831.99,8e-05,False
1741432333640,85831.99,6e-05,False
1741432333640,85831.99,6e-05,False
1741432333640,85831.99,7e-05,False
1741432333640,85832.0,6e-05,False
1741432333640,85832.0,6e-05,False
1741432333640,85832.0,0.001,False
1741432333640,85832.09,7e-05,False
1741432333640,85832.09,7e-05,False
1741432333640,85832.09,6e-05,False
1741432333640,85832.09,7e-05,False
1741432333649,85832.1,6e-05,False
1741432333649,85832.1,0.0001,False
1741432333649,85832.1,0.0001,False
1741432333649,85832.1,0.0001,False
1741432333649,85832.1,6e-05,False
1741432333649,85832.1,6e-05,False
1741432333649,85832.1,6e-05,False
1741432333649,85832.1,6e-05,False
1741432333649,85832.1,6e-05,False
1741432333649,85832.1,6e-05,False
1741432333649,85832.1,6e-05,False
1741432333649,85832.32,0.0015,False
1741432333649,85832.33,6e-05,False
1741432333649,85832.33,6e-05,False
1741432333649,85832.33,0.001,False
1741432333649,85832.66,6e-05,False
1741432333649,85832.66,7e-05,False
1741432333649,85832.66,7e-05,False
1741432333649,85832.66,6e-05,False
1741432333649,85832.66,6e-05,False
1741432333649,85832.66,7e-05,False
1741432333703,85832.66,0.00191,True
1741432333703,85832.66,0.00492,True
1741432333703,85832.66,0.05681,True
1741432333767,85832.67,0.01165,False
1741432333767,85832.67,6e-05,False
1741432333767,85832.67,0.0001,False
1741432333767,85832.67,6e-05,False
1741432333767,85832.67,0.0001,False
1741432333767,85832.67,0.0001,False
1741432333767,85832.67,6e-05,False
1741432333767,85832.67,6e-05,False
1741432333767,85832.67,6e-05,False
1741432333767,85832.67,6e-05,False
1741432333767,85832.67,6e-05,False
1741432333767,85832.67,6e-05,False
1741432333767,85832.67,6e-05,False
1741432333767,85832.67,6e-05,False
1741432333767,85832.78,0.00013,False
1741432333767,85832.78,6e-05,False
1741432333767,85832.78,6e-05,False
1741432333767,85832.83,0.00014,False
1741432333767,85832.83,6e-05,False
1741432333767,85832.83,6e-05,False
1741432333767,85833.2,6e-05,False
1741432333767,85833.2,6e-05,False
1741432333767,85833.22,6e-05,False
1741432333767,85833.22,6e-05,False
1741432333767,85833.22,6e-05,False
1741432333767,85833.22,6e-05,False
1741432333767,85833.35,6e-05,False
1741432333767,85833.37,6e-05,False
1741432333767,85833.43,6e-05,False
1741432333767,85833.44,7e-05,False
1741432333767,85833.44,7e-05,False
1741432333767,85833.44,6e-05,False
1741432333767,85833.44,7e-05,False
1741432333767,85833.45,0.03707,False
1741432333767,85833.45,6e-05,False
1741432333767,85833.45,6e-05,False
1741432333767,85833.53,6e-05,False
1741432333767,85833.61,0.00012,False
1741432333767,85835.99,7e-05,False
1741432333767,85835.99,7e-05,False
1741432333767,85835.99,7e-05,False
1741432333767,85836.0,0.014,False
1741432333767,85836.0,6e-05,False
1741432333767,85836.0,6e-05,False
1741432333767,85836.23,7e-05,False
1741432333767,85836.23,7e-05,False
1741432333767,85836.23,7e-05,False
1741432333990,85836.23,0.00062,True
1741432334070,85836.23,0.1115,True
1741432334349,85836.24,0.00012,False
1741432334691,85836.23,0.1,True
1741432334692,85836.24,0.00213,False
1741432334836,85836.23,0.00023,True
1741432334962,85836.24,0.0005,False
1741432335051,85836.24,0.01046,False
1741432335255,85836.24,0.00017,False
1741432335363,85836.24,0.00015,False
1741432335364,85836.24,0.00024,False
1741432335876,85836.23,0.0011,True
1741432335894,85836.24,0.00025,False
1741432336093,85836.24,0.00078,False
1741432336320,85836.24,0.00015,False
1741432336465,85836.24,0.00015,False
1741432336886,85836.23,0.00024,True
1741432336959,85836.23,0.00024,True
1741432337262,85836.23,0.00343,True
1741432337364,85836.23,0.00123,True
1741432337401,85836.23,0.00099,True
1741432337545,85836.24,0.00013,False
1741432337545,85836.24,0.0001,False
1741432337545,85836.24,6e-05,False
1741432337545,85836.24,6e-05,False
1741432337545,85836.24,0.00081,False
1741432338191,85836.24,0.00015,False
1741432338203,85836.24,0.00329,False
1741432338408,85836.24,0.00035,False
1741432338428,85836.24,0.00013,False
1741432338534,85836.24,0.00012,False
1741432338536,85836.24,0.00116,False
1741432338580,85836.24,8e-05,False
1741432338703,85836.23,0.00022,True
1741432338703,85836.23,0.0749,True
1741432338801,85836.23,6e-05,True
1741432338801,85836.23,0.0001,True
1741432338801,85836.23,6e-05,True
1741432338801,85836.23,6e-05,True
1741432338801,85836.23,6e-05,True
1741432338801,85836.23,0.00014,True
1741432338801,85836.23,6e-05,True
1741432338801,85836.23,0.00014,True
1741432338801,85836.23,0.091,True
1741432338801,85836.23,6e-05,True
1741432338801,85836.23,0.03406,True
1741432338801,85836.23,0.00058,True
1741432338801,85836.23,0.00085,True
1741432338801,85836.23,0.0063,True
1741432338801,85836.23,0.0001,True
1741432338801,85836.23,0.00304,True
1741432338801,85836.23,0.00086,True
1741432338801,85836.23,0.00947,True
1741432338801,85836.23,0.01353,True
1741432338801,85836.23,0.00064,True
1741432338801,85836.23,0.00014,True
1741432338801,85836.23,0.00013,True
1741432338801,85836.23,0.0001,True
1741432338801,85836.23,0.0001,True
1741432338801,85836.23,0.0001,True
1741432338801,85836.23,6e-05,True
1741432338801,85836.23,0.02495,True
1741432338801,85836.14,6e-05,True
1741432338801,85836.14,6e-05,True
1741432338801,85836.14,0.00057,True
1741432338801,85836.14,6e-05,True
1741432338801,85836.01,6e-05,True
1741432338801,85836.01,6e-05,True
1741432338801,85836.0,6e-05,True
1741432338801,85836.0,6e-05,True
1741432338801,85835.99,6e-05,True
1741432338801,85835.99,6e-05,True
1741432338801,85835.27,6e-05,True
1741432338801,85835.27,6e-05,True
1741432338801,85834.53,6e-05,True
1741432338801,85834.53,7e-05,True
1741432338801,85834.53,7e-05,True
1741432338801,85834.53,7e-05,True
1741432338803,85834.52,0.01165,True
1741432338803,85834.52,6e-05,True
1741432338805,85834.41,6e-05,True
1741432338805,85833.54,6e-05,True
1741432338858,85832.67,0.00075,False
1741432339035,85832.66,0.00504,True
1741432339035,85832.66,0.00055,True
1741432339035,85832.66,6e-05,True
1741432339035,85832.66,6e-05,True
1741432339035,85832.66,6e-05,True
1741432339035,85832.66,6e-05,True
1741432339035,85832.66,6e-05,True
1741432339035,85832.66,0.051,True
1741432339035,85832.66,0.00013,True
1741432339035,85832.66,0.00514,True
1741432339035,85832.66,6e-05,True
1741432339035,85832.66,6e-05,True
1741432339035,85832.66,0.0001,True
1741432339035,85832.66,0.0001,True
1741432339035,85832.66,0.0001,True
1741432339035,85832.66,0.00014,True
1741432339035,85832.66,0.016,True
1741432339035,85832.66,0.06313,True
1741432339035,85832.66,0.01,True
1741432339036,85832.66,0.00037,True
1741432339036,85832.66,0.00882,True
1741432339036,85832.66,6e-05,True
1741432339036,85832.57,0.00058,True
1741432339036,85832.57,6e-05,True
1741432339036,85832.57,6e-05,True
1741432339036,85832.56,0.00014,True
1741432339036,85832.56,6e-05,True
1741432339036,85832.56,6e-05,True
1741432339036,85832.5,0.00014,True
1741432339036,85832.5,6e-05,True
1741432339036,85832.5,6e-05,True
1741432339036,85832.33,6e-05,True
1741432339036,85832.33,6e-05,True
1741432339036,85832.18,6e-05,True
1741432339036,85832.02,0.00051,True
1741432339036,85832.02,6e-05,True
1741432339036,85832.01,7e-05,True
1741432339036,85832.01,7e-05,True
1741432339036,85832.01,6e-05,True
1741432339036,85832.01,7e-05,True
1741432339036,85832.0,0.014,True
1741432339036,85830.96,7e-05,True
1741432339036,85830.96,7e-05,True
1741432339036,85830.96,7e-05,True
1741432339036,85830.95,0.01163,True
1741432339036,85830.95,2e-05,True
1741432339036,85830.94,6e-05,True
1741432339037,85830.01,7e-05,True
1741432339037,85830.01,7e-05,True
1741432339037,85830.01,7e-05,True
1741432339037,85830.0,0.014,True
1741432339037,85829.98,6e-05,True
1741432339038,85829.98,1e-05,True
1741432339038,85829.81,6e-05,True
1741432339038,85829.81,6e-05,True
1741432339045,85828.67,0.00021,True
1741432339045,85828.67,6e-05,True
1741432339045,85828.34,6e-05,True
1741432339045,85828.01,7e-05,True
1741432339045,85828.01,7e-05,True
1741432339045,85828.01,6e-05,True
1741432339045,85828.01,7e-05,True
1741432339055,85828.0,0.003,True
1741432339055,85828.0,6e-05,True
1741432339055,85828.0,6e-05,True
1741432339055,85828.0,6e-05,True
1741432339055,85828.0,6e-05,True
1741432339055,85827.84,6e-05,True
1741432339055,85827.84,6e-05,True
1741432339055,85827.66,7e-05,True
1741432339055,85827.66,7e-05,True
1741432339055,85827.66,7e-05,True
1741432339055,85827.65,0.01009,True
1741432339055,85827.65,6e-05,True
1741432339055,85827.65,6e-05,True
1741432339055,85827.64,0.003,True
1741432339055,85827.64,6e-05,True
1741432339075,85826.42,0.00112,True
1741432339075,85826.42,6e-05,True
1741432339075,85826.42,6e-05,True
1741432339075,85826.03,0.00012,True
1741432339075,85826.03,6e-05,True
1741432339075,85825.81,7e-05,True
1741432339075,85825.81,7e-05,True
1741432339075,85825.81,6e-05,True
1741432339075,85825.81,7e-05,True
1741432339075,85824.26,6e-05,True
1741432339075,85824.02,0.00023,True
1741432339075,85823.95,0.00014,True
1741432339075,85823.94,0.00014,True
1741432339138,85823.5,6e-05,True
1741432339138,85823.5,0.0001,True
1741432339138,85823.5,0.0001,True
1741432339138,85823.5,0.0001,True
1741432339138,85823.5,6e-05,True
1741432339138,85823.5,6e-05,True
1741432339138,85823.5,6e-05,True
1741432339138,85823.5,6e-05,True
1741432339138,85823.5,6e-05,True
1741432339138,85823.5,0.00051,True
1741432339138,85823.5,0.0169,True
1741432339138,85823.5,6e-05,True
1741432339138,85823.5,6e-05,True
1741432339138,85823.5,6e-05,True
1741432339138,85823.5,0.00237,True
1741432339138,85823.5,6e-05,True
1741432339138,85823.5,6e-05,True
1741432339138,85823.41,0.00052,True
1741432339138,85823.41,6e-05,True
1741432339138,85823.41,6e-05,True
1741432339138,85823.34,0.00013,True
1741432339138,85823.1,0.001,True
1741432339138,85823.1,6e-05,True
1741432339138,85823.1,6e-05,True
1741432339138,85823.08,7e-05,True
1741432339138,85823.08,7e-05,True
1741432339138,85823.08,9e-05,True
1741432339138,85823.08,6e-05,True
1741432339138,85823.08,6e-05,True
1741432339138,85822.96,7e-05,True
1741432339138,85822.96,7e-05,True
1741432339138,85822.96,6e-05,True
1741432339138,85822.96,6e-05,True
1741432339138,85822.96,7e-05,True
1741432339138,85822.96,7e-05,True
1741432339138,85822.96,7e-05,True
1741432339201,85822.96,0.0012,False
1741432339329,85822.96,0.00195,False
1741432339357,85822.95,0.0002,True
1741432339688,85822.96,0.00174,False
1741432339738,85822.96,0.00074,False
1741432339860,85822.96,9e-05,False
1741432340071,85822.95,8e-05,True
1741432340321,85822.96,0.00051,False
1741432340354,85822.95,0.0002,True
1741432340498,85822.95,0.02019,True
1741432340498,85822.95,6e-05,True
1741432340498,85822.95,6e-05,True
1741432340498,85822.95,0.00224,True
1741432340498,85822.95,6e-05,True
1741432340498,85822.95,0.00431,True
1741432340498,85822.95,0.03676,True
1741432340498,85822.95,6e-05,True
1741432340498,85822.95,6e-05,True
1741432340498,85822.95,0.00014,True
1741432340498,85822.95,0.00043,True
1741432340498,85822.95,0.00347,True
1741432340498,85822.95,0.01052,True
1741432340498,85822.95,0.0002,True
1741432340544,85822.96,0.00106,False
1741432340544,85822.96,0.00033,False
1741432340601,85822.95,0.00015,True
1741432340601,85822.95,6e-05,True
1741432340601,85822.95,0.0001,True
1741432340601,85822.95,0.0001,True
1741432340601,85822.95,0.0001,True
1741432340601,85822.95,6e-05,True
1741432340601,85822.95,6e-05,True
1741432340601,85822.95,6e-05,True
1741432340601,85822.95,6e-05,True
1741432340601,85822.95,6e-05,True
1741432340601,85822.95,6e-05,True
1741432340601,85822.95,0.00057,True
1741432340601,85822.95,0.00058,True
1741432340601,85822.94,6e-05,True
1741432340601,85822.94,6e-05,True
1741432340601,85822.94,0.00013,True
1741432340601,85822.92,7e-05,True
1741432340601,85822.92,7e-05,True
1741432340601,85822.92,6e-05,True
1741432340601,85822.92,6e-05,True
1741432340601,85822.92,7e-05,True
1741432340601,85822.91,0.00167,True
1741432340601,85822.91,6e-05,True
1741432340601,85822.91,6e-05,True
1741432340601,85822.91,0.00053,True
1741432340601,85822.9,6e-05,True
1741432340601,85822.9,6e-05,True
1741432340601,85822.89,6e-05,True
1741432340601,85822.88,6e-05,True
1741432340601,85822.87,6e-05,True
1741432340601,85822.86,0.00013,True
1741432340601,85822.52,0.00047,True
1741432340601,85822.52,0.00013,True
1741432340601,85822.52,0.00031,True
1741432340601,85822.52,0.00052,True
1741432340601,85822.48,0.00015,True
1741432340601,85822.47,7e-05,True
1741432340601,85822.47,7e-05,True
1741432340601,85822.47,7e-05,True
1741432340601,85822.46,0.01478,True
1741432340601,85822.46,6e-05,True
1741432340601,85822.46,6e-05,True
1741432340601,85821.54,7e-05,True
1741432340601,85821.54,7e-05,True
1741432340601,85821.54,0.0001,True
1741432340601,85821.54,0.0001,True
1741432340601,85821.54,7e-05,True
1741432340601,85821.53,0.01091,True
1741432340703,85821.54,0.09243,False
1741432340764,85821.54,0.00122,False
1741432340852,85821.53,0.0002,True
1741432341013,85821.54,0.00053,False
1741432341190,85821.54,0.00245,False
1741432341453,85821.54,6e-05,False
1741432341784,85821.53,0.00023,True
1741432341854,85821.53,0.0002,True
1741432341893,85821.54,0.00116,False
1741432341895,85821.54,0.00012,False
1741432342103,85821.53,0.0111,True
1741432342103,85821.53,0.0001,True
1741432342103,85821.53,0.23114,True
1741432342103,85821.53,6e-05,True
1741432342103,85821.53,0.00014,True
1741432342103,85821.53,6e-05,True
1741432342103,85821.53,6e-05,True
1741432342103,85821.53,7e-05,True
1741432342103,85821.53,0.0001,True
1741432342103,85821.53,0.0001,True
1741432342103,85821.53,6e-05,True
1741432342103,85821.53,6e-05,True
1741432342103,85821.53,6e-05,True
1741432342103,85821.53,6e-05,True
1741432342103,85821.53,6e-05,True
1741432342103,85821.52,6e-05,True
1741432342103,85821.52,6e-05,True
1741432342103,85821.51,0.00014,True
1741432342103,85821.51,6e-05,True
1741432342103,85821.51,6e-05,True
1741432342103,85821.5,6e-05,True
1741432342103,85821.5,6e-05,True
1741432342103,85821.47,6e-05,True
1741432342103,85821.47,6e-05,True
1741432342103,85821.45,6e-05,True
1741432342103,85821.44,6e-05,True
1741432342103,85821.43,6e-05,True
1741432342103,85821.43,0.00013,True
1741432342103,85821.39,0.00014,True
1741432342103,85821.24,0.00012,True
1741432342103,85821.23,7e-05,True
1741432342103,85821.23,7e-05,True
1741432342103,85821.23,7e-05,True
1741432342103,85821.22,0.01165,True
1741432342103,85821.22,0.00011,True
1741432342103,85821.22,7e-05,True
1741432342103,85821.22,7e-05,True
1741432342103,85821.22,7e-05,True
1741432342103,85821.22,6e-05,True
1741432342103,85821.22,7e-05,True
1741432342103,85821.22,6e-05,True
1741432342103,85821.21,0.0233,True
1741432342103,85821.21,0.00056,True
1741432342103,85821.21,6e-05,True
1741432342103,85821.21,0.00068,True
1741432342103,85821.21,0.00163,True
1741432342103,85821.15,7e-05,True
1741432342103,85821.15,7e-05,True
1741432342103,85821.15,7e-05,True
1741432342103,85821.14,0.01165,True
1741432342103,85821.13,0.00091,True
1741432342103,85820.84,0.00071,True
1741432342104,85820.84,0.00035,True
1741432342104,85820.68,0.00017,True
1741432342104,85820.68,0.00098,True
1741432342104,85820.68,0.00025,True
1741432342104,85820.1,0.00075,True
1741432342105,85820.1,0.00025,True
1741432342105,85820.01,0.00013,True
1741432342105,85820.01,7e-05,True
1741432342105,85820.01,7e-05,True
1741432342105,85820.01,7e-05,True
1741432342106,85820.0,0.0001,True
1741432342106,85820.0,0.0001,True
1741432342106,85820.0,0.00015,True
1741432342106,85820.0,0.002,True
1741432342106,85819.6,7e-05,True
1741432342106,85819.37,0.00057,True
1741432342106,85819.36,0.00159,True
1741432342106,85819.16,6e-05,True
1741432342106,85819.16,0.00065,True
1741432342106,85819.13,6e-05,True
1741432342106,85819.06,7e-05,True
1741432342106,85819.06,7e-05,True
1741432342106,85819.05,6e-05,True
1741432342106,85819.05,6e-05,True
1741432342106,85818.28,0.00021,True
1741432342106,85818.25,8e-05,True
1741432342106,85818.19,8e-05,True
1741432342106,85818.19,8e-05,True
1741432342106,85818.19,7e-05,True
1741432342106,85818.19,7e-05,True
1741432342106,85818.19,7e-05,True
1741432342106,85818.18,0.00136,True
1741432342106,85818.18,0.03379,True
1741432342110,85818.18,0.00016,True
1741432342110,85818.18,7e-05,True
1741432342110,85818.18,9e-05,True
1741432342110,85818.18,6e-05,True
1741432342110,85818.18,0.0001,True
1741432342110,85818.18,6e-05,True
1741432342110,85818.18,6e-05,True
1741432342110,85818.11,7e-05,True
1741432342206,85818.1,0.00732,True
1741432342206,85818.1,6e-05,True
1741432342206,85818.1,6e-05,True
1741432342206,85818.1,0.0001,True
1741432342206,85818.1,6e-05,True
1741432342206,85818.1,6e-05,True
1741432342206,85818.1,6e-05,True
1741432342206,85818.1,6e-05,True
1741432342206,85818.1,6e-05,True
1741432342206,85818.1,6e-05,True
1741432342206,85818.1,7e-05,True
1741432342206,85818.1,7e-05,True
1741432342206,85818.1,6e-05,True
1741432342206,85818.1,6e-05,True
1741432342206,85818.1,7e-05,True
1741432342206,85818.09,0.00017,True
1741432342206,85818.09,0.00022,True
1741432342206,85818.09,0.00022,True
1741432342206,85818.09,0.00031,True
1741432342206,85818.09,6e-05,True
1741432342206,85818.09,6e-05,True
1741432342206,85818.09,0.00022,True
1741432342206,85818.09,0.00029,True
1741432342206,85818.08,7e-05,True
1741432342206,85818.08,7e-05,True
1741432342206,85818.08,6e-05,True
1741432342206,85818.08,6e-05,True
1741432342206,85818.08,0.0002,True
1741432342206,85818.08,7e-05,True
1741432342206,85818.07,0.0094,True
1741432342206,85818.07,6e-05,True
1741432342206,85818.07,6e-05,True
1741432342206,85817.98,6e-05,True
1741432342206,85817.98,6e-05,True
1741432342206,85817.94,6e-05,True
1741432342206,85817.94,6e-05,True
1741432342206,85817.94,0.00014,True
1741432342206,85817.84,0.00039,True
1741432342206,85817.84,6e-05,True
1741432342206,85817.81,0.00012,True
1741432342206,85817.81,6e-05,True
1741432342206,85817.8,7e-05,True
1741432342206,85817.8,7e-05,True
1741432342206,85817.8,8e-05,True
1741432342206,85817.8,8e-05,True
1741432342206,85817.8,7e-05,True
1741432342206,85817.79,0.01257,True
1741432342206,85817.79,0.00908,True
1741432342206,85817.79,6e-05,True
1741432342206,85817.79,6e-05,True
1741432342206,85817.69,7e-05,True
1741432342206,85817.69,7e-05,True
1741432342206,85817.69,9e-05,True
1741432342206,85817.69,9e-05,True
1741432342206,85817.69,7e-05,True
1741432342206,85817.68,0.02015,True
1741432342206,85817.68,6e-05,True
1741432342206,85817.68,6e-05,True
1741432342206,85817.66,0.00392,True
1741432342206,85817.66,0.00015,True
1741432342206,85817.52,0.0001,True
1741432342206,85817.3,7e-05,True
1741432342209,85816.96,7e-05,True
1741432342209,85816.96,7e-05,True
1741432342209,85816.96,0.0001,True
1741432342209,85816.96,0.0001,True
1741432342209,85816.96,0.0001,True
1741432342209,85816.96,0.0001,True
1741432342209,85816.96,6e-05,True
1741432342209,85816.96,0.0015,True
1741432342209,85816.96,7e-05,True
1741432342209,85816.96,6e-05,True
1741432342221,85816.96,9e-05,False
1741432342356,85816.95,0.0002,True
1741432342364,85816.95,0.01289,True
1741432342658,85816.96,0.00102,False
1741432342659,85816.96,0.00116,False
1741432342962,85816.96,0.00116,False
1741432343201,85816.96,0.00072,False
1741432343388,85816.96,0.00422,False
1741432343388,85816.96,0.00076,False
1741432343662,85816.96,0.00475,False
1741432344358,85816.95,0.00075,True
1741432344503,85816.96,0.00112,False
1741432344622,85816.96,0.00015,False
1741432344732,85816.96,0.00012,False
1741432345066,85816.96,0.00116,False
1741432345098,85816.96,0.00066,False
1741432345489,85816.96,0.00013,False
1741432345703,85816.96,0.00018,False
1741432345703,85816.96,0.0928,False
1741432345863,85816.96,0.00015,False
1741432345948,85816.96,0.00164,False
1741432346333,85816.96,0.00855,False
1741432346460,85816.96,0.00046,False
1741432346785,85816.96,0.00062,False
1741432346788,85816.96,0.00046,False
1741432347420,85816.95,0.00194,True
1741432347449,85816.96,0.0064,False
1741432347801,85816.96,0.00012,False
1741432347881,85816.96,0.00011,False
1741432348591,85816.95,0.00216,True
1741432348591,85816.95,0.00014,True
1741432348591,85816.95,6e-05,True
1741432348591,85816.95,6e-05,True
1741432348591,85816.95,6e-05,True
1741432348591,85816.95,6e-05,True
1741432348591,85816.95,0.0735,True
1741432348591,85816.95,0.025,True
1741432348591,85816.95,0.23366,True
1741432348591,85816.95,6e-05,True
1741432348591,85816.95,0.016,True
1741432348591,85816.95,6e-05,True
1741432348591,85816.95,0.11732,True
1741432348658,85816.96,0.00485,False
1741432348703,85816.95,0.03479,True
1741432348703,85816.95,6e-05,True
1741432348703,85816.95,0.00085,True
1741432348703,85816.95,0.00049,True
1741432348703,85816.95,0.00084,True
1741432348703,85816.95,0.00014,True
1741432348703,85816.95,0.003,True
1741432348703,85816.95,0.0001,True
1741432348703,85816.95,0.0341,True
1741432348703,85816.95,0.00562,True
1741432348730,85816.96,0.0002,False
1741432349284,85816.96,0.01753,False
1741432349284,85816.96,0.04513,False
1741432349284,85816.96,0.03086,False
1741432349284,85816.96,0.03056,False
1741432349284,85816.96,6e-05,False
1741432349284,85816.96,6e-05,False
1741432349284,85816.96,0.00014,False
1741432349284,85816.96,0.00506,False
1741432349284,85816.96,0.00582,False
1741432349284,85816.96,0.36638,False
1741432349284,85816.96,0.00058,False
1741432349284,85816.96,0.00085,False
1741432349284,85816.96,0.002,False
1741432349284,85816.96,6e-05,False
1741432349284,85816.96,0.00083,False
1741432349284,85816.96,6e-05,False
1741432349284,85816.96,6e-05,False
1741432349284,85816.96,6e-05,False
1741432349284,85816.96,0.00014,False
1741432349284,85816.96,0.23388,False
1741432349285,85816.96,0.02013,False
1741432349286,85816.96,0.13165,False
1741432349286,85816.96,0.01803,False
1741432349286,85816.96,0.00685,False
1741432349287,85816.96,0.01745,False
1741432349287,85816.96,0.00756,False
1741432349287,85816.96,0.04895,False
1741432349287,85816.96,0.01971,False
1741432349287,85816.96,0.00905,False
1741432349287,85816.96,0.01125,False
1741432349287,85816.96,0.01095,False
1741432349287,85816.96,0.02483,False
1741432349288,85816.96,0.01974,False
1741432349288,85816.96,0.43588,False
1741432349288,85816.96,0.03739,False
1741432349288,85816.96,0.0001,False
1741432349288,85816.96,6e-05,False
1741432349288,85816.96,0.0001,False
1741432349288,85816.96,0.00419,False
1741432349288,85816.96,0.0001,False
1741432349288,85816.96,0.0001,False
1741432349288,85816.96,0.0001,False
1741432349288,85816.96,0.0001,False
1741432349288,85816.96,6e-05,False
1741432349288,85816.96,6e-05,False
1741432349288,85816.96,6e-05,False
1741432349288,85816.97,6e-05,False
1741432349288,85816.97,6e-05,False
1741432349288,85816.97,0.00014,False
1741432349288,85816.98,6e-05,False
1741432349288,85816.98,6e-05,False
1741432349288,85817.0,6e-05,False
1741432349288,85817.0,6e-05,False
1741432349288,85817.01,0.00014,False
1741432349288,85817.01,6e-05,False
1741432349288,85817.01,6e-05,False
1741432349288,85817.02,0.00014,False
1741432349288,85817.02,6e-05,False
1741432349288,85817.03,6e-05,False
1741432349288,85817.04,6e-05,False
1741432349288,85817.93,6e-05,False
1741432349288,85818.8,6e-05,False
1741432349288,85819.68,7e-05,False
1741432349288,85819.68,7e-05,False
1741432349288,85819.68,7e-05,False
1741432349288,85819.81,7e-05,False
1741432349288,85819.81,7e-05,False
1741432349288,85819.81,7e-05,False
1741432349298,85819.82,0.00743,False
1741432349306,85819.82,0.00422,False
1741432349306,85819.82,0.0001,False
1741432349306,85819.82,0.0001,False
1741432349306,85819.82,0.0001,False
1741432349306,85819.82,6e-05,False
1741432349306,85819.82,6e-05,False
1741432349306,85819.82,6e-05,False
1741432349306,85819.82,6e-05,False
1741432349306,85819.82,6e-05,False
1741432349306,85819.82,6e-05,False
1741432349306,85819.83,0.00013,False
1741432349306,85819.83,6e-05,False
1741432349306,85819.83,6e-05,False
1741432349306,85820.53,6e-05,False
1741432349306,85820.53,6e-05,False
1741432349306,85820.53,6e-05,False
1741432349306,85821.67,7e-05,False
1741432349306,85821.67,7e-05,False
1741432349306,85821.67,6e-05,False
1741432349306,85821.67,6e-05,False
1741432349306,85821.67,0.0001,False
1741432349306,85821.67,0.0001,False
1741432349306,85821.67,0.0001,False
1741432349306,85821.67,7e-05,False
1741432349364,85821.68,6e-05,False
1741432349364,85821.68,6e-05,False
1741432349364,85821.68,6e-05,False
1741432349364,85821.68,6e-05,False
1741432349364,85821.68,6e-05,False
1741432349364,85821.68,6e-05,False
1741432349364,85821.68,6e-05,False
1741432349364,85821.68,0.0001,False
1741432349364,85821.68,6e-05,False
1741432349364,85821.69,0.0001,False
1741432349364,85821.69,6e-05,False
1741432349364,85821.69,6e-05,False
1741432349364,85821.71,0.00013,False
1741432349364,85821.71,6e-05,False
1741432349364,85821.71,6e-05,False
1741432349364,85821.99,6e-05,False
1741432349364,85821.99,6e-05,False
1741432349364,85822.05,6e-05,False
1741432349364,85822.05,6e-05,False
1741432349364,85822.06,6e-05,False
1741432349364,85822.27,6e-05,False
1741432349364,85822.27,6e-05,False
1741432349364,85822.89,6e-05,False
1741432349364,85822.89,6e-05,False
1741432349364,85823.21,7e-05,False
1741432349417,85823.79,0.0015,False
1741432349417,85823.79,6e-05,False
1741432349417,85823.79,6e-05,False
1741432349417,85823.79,6e-05,False
1741432349417,85823.79,0.0001,False
1741432349417,85823.79,0.0001,False
1741432349417,85823.79,0.0001,False
1741432349417,85823.79,6e-05,False
1741432349417,85823.79,6e-05,False
1741432349417,85823.79,6e-05,False
1741432349417,85823.79,6e-05,False
1741432349417,85823.79,6e-05,False
1741432349417,85823.9,0.00014,False
1741432349417,85823.9,6e-05,False
1741432349417,85823.9,6e-05,False
1741432349417,85823.93,7e-05,False
1741432349417,85823.93,7e-05,False
1741432349417,85823.93,6e-05,False
1741432349417,85823.93,6e-05,False
1741432349417,85823.93,7e-05,False
1741432349417,85823.94,0.00784,False
1741432349417,85823.94,7e-05,False
1741432349417,85823.94,7e-05,False
1741432349417,85823.94,6e-05,False
1741432349417,85823.94,6e-05,False
1741432349417,85823.94,7e-05,False
1741432349417,85823.95,0.00302,False
1741432349417,85823.95,0.00013,False
1741432349417,85823.95,6e-05,False
1741432349417,85823.95,6e-05,False
1741432349417,85824.0,6e-05,False
1741432349417,85824.0,6e-05,False
1741432349417,85824.53,8e-05,False
1741432349417,85824.53,6e-05,False
1741432349417,85824.83,6e-05,False
1741432349417,85824.86,6e-05,False
1741432349417,85824.96,7e-05,False
1741432349417,85824.96,7e-05,False
1741432349417,85824.96,7e-05,False
1741432349417,85824.97,0.01165,False
1741432349417,85825.65,7e-05,False
1741432349417,85825.65,7e-05,False
1741432349417,85825.65,7e-05,False
1741432349417,85825.66,0.01008,False
1741432349417,85825.73,6e-05,False
1741432349417,85826.02,0.00012,False
1741432349417,85826.1,0.00112,False
1741432349417,85826.38,7e-05,False
1741432349417,85826.38,7e-05,False
1741432349417,85826.38,7e-05,False
1741432349424,85826.39,6e-05,False
1741432349424,85826.39,0.0001,False
1741432349424,85826.39,0.0001,False
1741432349424,85826.39,0.0001,False
1741432349424,85826.39,6e-05,False
1741432349424,85826.39,6e-05,False
1741432349424,85826.39,6e-05,False
1741432349424,85826.39,6e-05,False
1741432349424,85826.39,6e-05,False
1741432349424,85826.39,6e-05,False
1741432349424,85826.39,6e-05,False
1741432349424,85826.4,0.00023,False
1741432349424,85826.6,6e-05,False
1741432349424,85827.99,7e-05,False
1741432349424,85827.99,7e-05,False
1741432349424,85827.99,9e-05,False
1741432349424,85827.99,0.00012,False
1741432349424,85827.99,0.00017,False
1741432349424,85827.99,0.00021,False
1741432349424,85827.99,7e-05,False
1741432349515,85828.0,6e-05,False
1741432349515,85828.0,6e-05,False
1741432349515,85828.0,6e-05,False
1741432349515,85828.0,6e-05,False
1741432349515,85828.0,6e-05,False
1741432349515,85828.0,6e-05,False
1741432349515,85828.0,6e-05,False
1741432349515,85828.0,0.00058,False
1741432349515,85828.0,0.0001,False
1741432349515,85828.0,0.0001,False
1741432349515,85828.0,0.0001,False
1741432349515,85828.0,0.00014,False
1741432349515,85828.0,0.00279,False
1741432349515,85828.0,6e-05,False
1741432349515,85828.01,8e-05,False
1741432349515,85828.01,6e-05,False
1741432349515,85828.01,6e-05,False
1741432349515,85828.42,6e-05,False
1741432349515,85828.42,6e-05,False
1741432349515,85828.43,6e-05,False
1741432349515,85828.43,6e-05,False
1741432349515,85828.82,0.00012,False
1741432349515,85828.82,6e-05,False
1741432349515,85828.82,6e-05,False
1741432349515,85828.85,6e-05,False
1741432349515,85828.86,6e-05,False
1741432349515,85829.29,7e-05,False
1741432349515,85829.29,7e-05,False
1741432349515,85829.29,6e-05,False
1741432349515,85829.29,7e-05,False
1741432349521,85829.3,0.01238,False
1741432349593,85829.3,0.11124,False
1741432349593,85829.3,6e-05,False
1741432349593,85829.3,0.0001,False
1741432349593,85829.3,0.0001,False
1741432349593,85829.3,6e-05,False
1741432349593,85829.3,6e-05,False
1741432349593,85829.3,6e-05,False
