timestamp,price,volume,is_ask
1741427692501,85905.38,0.00059,False
1741427692801,85905.38,0.00111,False
1741427693075,85905.37,0.00948,True
1741427693939,85905.38,7e-05,False
1741427693958,85905.38,0.00024,False
1741427693994,85905.38,0.00771,False
1741427694091,85905.37,0.00029,True
1741427694218,85905.37,0.0349,True
1741427694294,85905.37,0.01471,True
1741427694294,85905.37,0.0001,True
1741427694294,85905.37,0.01896,True
1741427694771,85905.37,0.01479,True
1741427694863,85905.38,0.00017,False
1741427694896,85905.37,0.00059,True
1741427695350,85905.38,0.00947,False
1741427695445,85905.37,0.00037,True
1741427695559,85905.38,0.00021,False
1741427695714,85905.38,0.00366,False
1741427696130,85905.37,0.00946,True
1741427696397,85905.37,0.0002,True
1741427696484,85905.37,0.00023,True
1741427696570,85905.38,0.00012,False
1741427696665,85905.38,0.00097,False
1741427696717,85905.38,0.00946,False
1741427697710,85905.37,0.00945,True
1741427697874,85905.37,0.00021,True
1741427698288,85905.38,9e-05,False
1741427698621,85905.38,0.00945,False
1741427698769,85905.38,0.00141,False
1741427698946,85905.37,6e-05,True
1741427698946,85905.37,6e-05,True
1741427698946,85905.37,0.0001,True
1741427698946,85905.37,0.00014,True
1741427698946,85905.37,6e-05,True
1741427698946,85905.37,6e-05,True
1741427698946,85905.37,0.00112,True
1741427699408,85905.37,0.0037,True
1741427699408,85905.37,0.00574,True
1741427699767,85905.37,0.01592,True
1741427699767,85905.37,0.00178,True
1741427699767,85905.37,6e-05,True
1741427699767,85905.37,6e-05,True
1741427699767,85905.37,0.00179,True
1741427699767,85905.37,0.02667,True
1741427699767,85905.37,0.00038,True
1741427699767,85905.37,0.00688,True
1741427699767,85905.37,0.0001,True
1741427699767,85905.37,0.0004,True
1741427699767,85905.37,7e-05,True
1741427699767,85905.37,6e-05,True
1741427699767,85905.37,6e-05,True
1741427699767,85905.37,6e-05,True
1741427699767,85905.37,6e-05,True
1741427699767,85905.37,0.00016,True
1741427699767,85905.37,0.00016,True
1741427699767,85905.37,0.00016,True
1741427699767,85905.37,0.00014,True
1741427699767,85905.37,0.00482,True
1741427699767,85905.37,0.00598,True
1741427699767,85905.37,0.00688,True
1741427699767,85905.37,0.00482,True
1741427699767,85905.37,0.00688,True
1741427699767,85905.37,0.00482,True
1741427699767,85905.37,0.00688,True
1741427699767,85905.37,0.00482,True
1741427699767,85905.37,0.00688,True
1741427699767,85905.37,0.00482,True
1741427699767,85905.37,0.00688,True
1741427699767,85905.37,0.00482,True
1741427699767,85905.37,0.00688,True
1741427699767,85905.37,0.00482,True
1741427699767,85905.37,0.00688,True
1741427699767,85905.37,0.00482,True
1741427699767,85905.37,0.00688,True
1741427699767,85905.37,0.00476,True
1741427699767,85905.37,0.00685,True
1741427699767,85905.36,6e-05,True
1741427699767,85905.36,6e-05,True
1741427699767,85905.36,0.00047,True
1741427699767,85905.36,0.00724,True
1741427699767,85905.36,0.0007,True
1741427699767,85905.36,0.00724,True
1741427699767,85905.36,0.00724,True
1741427699767,85905.36,0.00724,True
1741427699767,85905.36,0.00724,True
1741427699767,85905.36,0.00724,True
1741427699767,85905.36,0.00724,True
1741427699767,85905.36,0.00724,True
1741427699767,85905.36,0.00724,True
1741427699767,85905.36,0.00715,True
1741427699767,85905.33,6e-05,True
1741427699767,85905.33,6e-05,True
1741427699767,85905.32,6e-05,True
1741427699767,85905.32,6e-05,True
1741427699767,85905.32,0.00014,True
1741427699767,85905.31,6e-05,True
1741427699767,85905.31,6e-05,True
1741427699767,85905.3,6e-05,True
1741427699767,85905.29,6e-05,True
1741427699767,85905.28,6e-05,True
1741427699767,85905.26,0.00014,True
1741427699767,85905.21,0.00014,True
1741427699767,85903.99,7e-05,True
1741427699767,85902.62,0.00202,True
1741427699767,85902.24,7e-05,True
1741427699767,85902.23,0.01164,True
1741427699767,85901.12,6e-05,True
1741427699767,85900.9,7e-05,True
1741427699767,85900.9,7e-05,True
1741427699767,85900.9,7e-05,True
1741427699767,85900.89,0.00593,True
1741427699775,85900.89,6e-05,True
1741427699775,85900.89,6e-05,True
1741427699775,85900.89,6e-05,True
1741427699775,85900.89,0.0001,True
1741427699775,85900.89,6e-05,True
1741427699775,85900.89,0.0001,True
1741427699775,85900.89,0.0001,True
1741427699775,85900.89,0.01115,True
1741427699775,85900.89,6e-05,True
1741427699775,85900.88,0.00022,True
1741427699775,85900.88,0.00096,True
1741427699775,85900.61,0.0001,True
1741427699775,85900.61,6e-05,True
1741427699775,85900.25,6e-05,True
1741427699775,85900.01,7e-05,True
1741427699775,85900.01,0.00027,True
1741427699775,85900.01,0.00027,True
1741427699775,85900.01,0.00027,True
1741427699775,85900.0,0.00368,True
1741427699775,85900.0,0.00349,True
1741427699775,85899.38,6e-05,True
1741427699775,85899.38,6e-05,True
1741427699775,85899.12,7e-05,True
1741427699775,85899.12,6e-05,True
1741427699775,85898.96,6e-05,True
1741427699775,85898.58,0.00012,True
1741427699775,85898.52,6e-05,True
1741427699775,85898.52,7e-05,True
1741427699791,85898.51,0.01164,True
1741427699791,85898.51,6e-05,True
1741427699791,85898.51,6e-05,True
1741427699791,85898.51,6e-05,True
1741427699791,85898.51,0.00111,True
1741427699791,85898.51,6e-05,True
1741427699791,85898.51,6e-05,True
1741427699791,85898.51,6e-05,True
1741427699791,85898.51,6e-05,True
1741427699791,85898.51,6e-05,True
1741427699791,85898.51,0.0001,True
1741427699791,85898.51,0.0001,True
1741427699791,85898.51,6e-05,True
1741427699791,85898.51,0.0001,True
1741427699791,85898.51,6e-05,True
1741427699791,85898.51,6e-05,True
1741427699791,85898.5,0.00098,True
1741427699791,85898.5,0.00012,True
1741427699791,85898.5,6e-05,True
1741427699791,85898.5,6e-05,True
1741427699791,85898.34,0.10384,True
1741427699791,85896.63,6e-05,True
1741427699791,85896.63,0.00017,True
1741427699791,85896.63,0.00017,True
1741427699791,85896.63,0.00017,True
1741427699791,85896.63,6e-05,True
1741427699791,85896.63,6e-05,True
1741427699791,85896.62,6e-05,True
1741427699791,85896.62,6e-05,True
1741427699791,85896.61,6e-05,True
1741427699791,85896.61,6e-05,True
1741427699791,85896.24,0.0001,True
1741427699791,85896.24,0.0001,True
1741427699791,85896.24,6e-05,True
1741427699794,85896.23,6e-05,True
1741427699794,85896.23,0.0001,True
1741427699794,85896.23,0.0001,True
1741427699794,85896.23,0.0001,True
1741427699794,85896.23,6e-05,True
1741427699794,85896.23,6e-05,True
1741427699794,85896.13,0.00012,True
1741427699794,85896.13,6e-05,True
1741427699794,85895.33,7e-05,True
1741427699794,85895.33,7e-05,True
1741427699794,85895.33,6e-05,True
1741427699794,85895.33,4e-05,True
1741427699794,85895.33,2e-05,True
1741427699794,85895.32,0.003,True
1741427699794,85894.82,7e-05,True
1741427699794,85894.81,6e-05,True
1741427699794,85894.81,6e-05,True
1741427699794,85893.12,0.00012,True
1741427699794,85892.62,7e-05,True
1741427699794,85892.61,9e-05,True
1741427699794,85892.61,6e-05,True
1741427699794,85892.61,6e-05,True
1741427699814,85892.49,6e-05,True
1741427699814,85892.49,6e-05,True
1741427699814,85892.49,6e-05,True
1741427699814,85892.49,0.0001,True
1741427699814,85892.49,0.0001,True
1741427699814,85892.49,0.0001,True
1741427699814,85892.49,6e-05,True
1741427699814,85892.49,6e-05,True
1741427699814,85892.49,6e-05,True
1741427699814,85892.49,6e-05,True
1741427699814,85892.49,0.00165,True
1741427699814,85892.49,6e-05,True
1741427699814,85892.48,0.0003,True
1741427699814,85892.48,0.00027,True
1741427699814,85892.48,0.00054,True
1741427699814,85892.48,6e-05,True
1741427699814,85892.48,6e-05,True
1741427699814,85892.33,0.00011,True
1741427699814,85892.33,6e-05,True
1741427699814,85892.33,6e-05,True
1741427699814,85892.33,0.00021,True
1741427699814,85892.33,0.00021,True
1741427699814,85892.33,8e-05,True
1741427699814,85892.33,0.00021,True
1741427699814,85892.32,6e-05,True
1741427699814,85892.32,6e-05,True
1741427699814,85892.29,7e-05,True
1741427699860,85892.28,6e-05,True
1741427699860,85892.28,6e-05,True
1741427699860,85892.28,6e-05,True
1741427699860,85892.28,6e-05,True
1741427699860,85892.28,6e-05,True
1741427699860,85892.28,6e-05,True
1741427699860,85892.28,0.00058,True
1741427699860,85892.28,0.0001,True
1741427699860,85892.28,0.0001,True
1741427699860,85892.28,0.0001,True
1741427699860,85892.27,0.00054,True
1741427699860,85892.27,6e-05,True
1741427699860,85892.27,6e-05,True
1741427699860,85892.26,7e-05,True
1741427699860,85892.26,6e-05,True
1741427699860,85892.26,6e-05,True
1741427699860,85892.25,0.00196,True
1741427699860,85892.25,6e-05,True
1741427699860,85892.25,6e-05,True
1741427699860,85892.1,0.001,True
1741427699860,85892.1,6e-05,True
1741427699860,85892.1,6e-05,True
1741427699860,85891.9,7e-05,True
1741427699860,85891.9,6e-05,True
1741427699860,85891.9,7e-05,True
1741427699860,85891.89,0.003,True
1741427699860,85891.89,6e-05,True
1741427699860,85891.82,6e-05,True
1741427699860,85891.81,7e-05,True
1741427699860,85891.81,6e-05,True
1741427699860,85891.81,6e-05,True
1741427699902,85891.8,0.0002,True
1741427699973,85891.81,0.00945,False
1741427700530,85891.81,0.00025,False
1741427700756,85891.8,0.00944,True
1741427700955,85891.81,8e-05,False
1741427701104,85891.8,0.0016,True
1741427701196,85891.81,0.00062,False
1741427701239,85891.81,0.0001,False
1741427701944,85891.8,0.00023,True
1741427702184,85891.8,0.0006,True
1741427702800,85891.81,0.00895,False
1741427702800,85891.81,0.00048,False
1741427703034,85891.81,0.0001,False
1741427703305,85891.8,0.001,True
1741427703540,85891.81,0.00033,False
1741427703564,85891.8,0.00942,True
1741427703706,85891.81,0.00011,False
1741427704096,85891.81,0.00025,False
1741427704402,85891.8,0.00014,True
1741427704453,85891.81,0.00944,False
1741427704955,85891.81,0.00024,False
1741427705033,85891.81,0.00052,False
1741427705678,85891.81,0.07187,False
1741427705678,85891.81,0.08928,False
1741427705678,85891.81,0.00013,False
1741427705678,85891.81,0.00084,False
1741427705678,85891.81,0.0115,False
1741427705678,85891.81,0.00058,False
1741427705678,85891.81,6e-05,False
1741427705678,85891.81,6e-05,False
1741427705678,85891.81,6e-05,False
1741427705678,85891.81,6e-05,False
1741427705678,85891.81,0.0001,False
1741427705678,85891.81,0.01194,False
1741427705679,85891.81,0.13016,False
1741427705679,85891.81,0.00083,False
1741427705679,85891.81,6e-05,False
1741427705679,85891.81,6e-05,False
1741427705679,85891.81,0.00155,False
1741427705679,85891.81,0.0021,False
1741427705679,85891.81,0.0002,False
1741427705679,85891.81,6e-05,False
1741427705679,85891.81,0.0001,False
1741427705679,85891.81,0.0001,False
1741427705679,85891.81,0.0001,False
1741427705679,85891.82,6e-05,False
1741427705679,85891.82,6e-05,False
1741427705679,85891.83,6e-05,False
1741427705679,85891.83,6e-05,False
1741427705679,85891.84,6e-05,False
1741427705679,85891.84,6e-05,False
1741427705679,85891.85,0.00013,False
1741427705679,85891.85,6e-05,False
1741427705679,85891.85,6e-05,False
1741427705679,85891.86,6e-05,False
1741427705679,85891.87,6e-05,False
1741427705679,85891.89,6e-05,False
1741427705679,85891.93,0.00013,False
1741427705679,85891.99,7e-05,False
1741427705679,85892.44,6e-05,False
1741427705679,85892.49,7e-05,False
1741427705679,85892.5,0.00503,False
1741427705679,85893.31,6e-05,False
1741427705679,85893.63,7e-05,False
1741427705705,85893.64,0.0001,False
1741427705705,85893.64,0.0001,False
1741427705705,85893.64,0.0001,False
1741427705705,85893.64,6e-05,False
1741427705705,85893.64,6e-05,False
1741427705705,85893.64,6e-05,False
1741427705705,85893.64,6e-05,False
1741427705705,85893.64,6e-05,False
1741427705705,85893.64,6e-05,False
1741427705705,85893.64,6e-05,False
1741427705705,85893.64,6e-05,False
1741427705705,85893.83,6e-05,False
1741427705705,85893.83,6e-05,False
1741427705705,85893.99,7e-05,False
1741427705705,85893.99,7e-05,False
1741427705705,85893.99,7e-05,False
1741427705705,85893.99,6e-05,False
1741427705705,85893.99,6e-05,False
1741427705705,85894.0,6e-05,False
1741427705705,85894.0,6e-05,False
1741427705705,85894.08,7e-05,False
1741427705705,85894.08,6e-05,False
1741427705705,85894.08,6e-05,False
1741427705714,85894.09,6e-05,False
1741427705714,85894.09,0.0001,False
1741427705714,85894.09,6e-05,False
1741427705714,85894.09,6e-05,False
1741427705714,85894.09,6e-05,False
1741427705714,85894.09,0.0001,False
1741427705714,85894.09,6e-05,False
1741427705714,85894.09,6e-05,False
1741427705714,85894.09,0.0001,False
1741427705714,85894.1,7e-05,False
1741427705714,85894.17,6e-05,False
1741427705714,85894.17,6e-05,False
1741427705714,85894.17,6e-05,False
1741427705714,85894.2,7e-05,False
1741427705714,85894.2,6e-05,False
1741427705714,85894.2,6e-05,False
1741427705716,85894.21,0.01164,False
1741427705716,85894.21,6e-05,False
1741427705716,85894.21,6e-05,False
1741427705716,85894.21,0.001,False
1741427705716,85894.7,0.001,False
1741427705716,85894.7,6e-05,False
1741427705716,85894.7,6e-05,False
1741427705716,85895.04,6e-05,False
1741427705716,85895.47,8e-05,False
1741427705716,85895.47,8e-05,False
1741427705716,85895.47,8e-05,False
1741427705716,85896.7,7e-05,False
1741427705769,85896.71,0.00708,False
1741427705816,85896.7,0.00322,True
1741427705860,85896.71,6e-05,False
1741427705860,85896.71,6e-05,False
1741427705860,85896.71,6e-05,False
1741427705860,85896.71,0.00014,False
1741427705860,85896.71,6e-05,False
1741427705860,85896.71,6e-05,False
1741427705860,85896.71,0.00013,False
1741427705860,85896.71,6e-05,False
1741427705860,85896.71,0.0001,False
1741427705860,85896.71,0.0001,False
1741427705860,85896.71,0.0001,False
1741427705860,85896.71,6e-05,False
1741427705860,85896.71,6e-05,False
1741427705860,85896.72,6e-05,False
1741427705860,85896.72,6e-05,False
1741427705860,85896.76,0.00014,False
1741427705860,85896.76,6e-05,False
1741427705860,85896.76,6e-05,False
1741427705860,85896.77,6e-05,False
1741427705860,85896.77,6e-05,False
1741427705860,85896.77,6e-05,False
1741427705860,85896.82,0.00014,False
1741427705860,85896.82,6e-05,False
1741427705860,85896.82,6e-05,False
1741427705860,85896.87,0.00013,False
1741427705860,85896.87,6e-05,False
1741427705860,85897.28,6e-05,False
1741427705860,85897.64,6e-05,False
1741427705860,85897.64,6e-05,False
1741427705860,85897.98,0.00012,False
1741427705860,85897.98,0.00012,False
1741427705860,85897.98,0.00012,False
1741427705860,85897.99,7e-05,False
1741427705860,85897.99,0.0015,False
1741427705860,85898.0,0.001,False
1741427705860,85898.41,7e-05,False
1741427705871,85898.42,0.01164,False
1741427705871,85898.42,0.0001,False
1741427705871,85898.42,0.0001,False
1741427705871,85898.42,0.0001,False
1741427705871,85898.42,6e-05,False
1741427705871,85898.42,6e-05,False
1741427705871,85898.42,6e-05,False
1741427705871,85898.42,6e-05,False
1741427705871,85898.42,6e-05,False
1741427705871,85898.42,6e-05,False
1741427705871,85898.42,6e-05,False
1741427705871,85898.42,4e-05,False
1741427705871,85898.42,2e-05,False
1741427705871,85898.45,9e-05,False
1741427705871,85898.51,6e-05,False
1741427705871,85898.51,6e-05,False
1741427705871,85898.51,6e-05,False
1741427705871,85899.37,6e-05,False
1741427705871,85899.37,6e-05,False
1741427705871,85899.37,6e-05,False
1741427705871,85899.98,0.0001,False
1741427705871,85899.98,0.0001,False
1741427705871,85899.98,0.0001,False
1741427705871,85899.99,6e-05,False
1741427705871,85899.99,6e-05,False
1741427705871,85900.0,6e-05,False
1741427705871,85900.0,6e-05,False
1741427705871,85900.24,6e-05,False
1741427705871,85900.24,6e-05,False
1741427705871,85900.39,7e-05,False
1741427705871,85900.4,0.003,False
1741427705871,85900.4,6e-05,False
1741427705871,85901.14,7e-05,False
1741427705871,85901.14,6e-05,False
1741427705895,85901.15,0.01012,False
1741427705895,85901.15,6e-05,False
1741427705895,85901.15,6e-05,False
1741427705895,85901.15,6e-05,False
1741427705895,85901.15,6e-05,False
1741427705895,85901.15,0.0001,False
1741427705895,85901.15,0.0001,False
1741427705895,85901.15,0.0001,False
1741427705895,85901.15,6e-05,False
1741427705895,85901.15,6e-05,False
1741427705895,85901.15,6e-05,False
1741427705895,85901.15,6e-05,False
1741427705895,85901.15,6e-05,False
1741427705895,85901.15,6e-05,False
1741427705895,85901.16,0.00013,False
1741427705895,85901.16,6e-05,False
1741427705895,85901.16,6e-05,False
1741427705895,85901.61,7e-05,False
1741427705896,85901.62,0.0093,False
1741427705897,85901.62,0.03002,False
1741427705897,85901.62,6e-05,False
1741427705897,85901.62,6e-05,False
1741427705897,85901.62,6e-05,False
1741427705897,85901.62,0.0001,False
1741427705897,85901.62,0.0779,False
1741427705898,85901.62,0.0394,False
1741427705898,85901.62,0.0001,False
1741427705899,85901.62,0.0001,False
1741427705899,85901.62,0.0001,False
1741427705899,85901.62,6e-05,False
1741427705899,85901.62,6e-05,False
1741427705899,85901.62,6e-05,False
1741427705899,85901.62,6e-05,False
1741427705899,85901.62,6e-05,False
1741427705899,85901.62,0.1031,False
1741427705899,85901.62,0.01,False
1741427705900,85901.62,0.0139,False
1741427705900,85901.62,0.0001,False
1741427705902,85901.62,0.0001,False
1741427705902,85901.62,6e-05,False
1741427705902,85901.62,0.0001,False
1741427705902,85901.84,7e-05,False
1741427705902,85901.84,6e-05,False
1741427705902,85901.84,6e-05,False
1741427705902,85901.85,0.0139,False
1741427705903,85901.85,0.02785,False
1741427705904,85901.85,0.0001,False
1741427705904,85901.85,0.0007,False
1741427705904,85901.85,0.0149,False
1741427705904,85901.85,0.04348,False
1741427705904,85901.85,6e-05,False
1741427705904,85901.85,6e-05,False
1741427705904,85901.85,6e-05,False
1741427705904,85901.85,0.0001,False
1741427705904,85901.85,6e-05,False
1741427705904,85901.99,0.0001,False
1741427705904,85901.99,0.0001,False
1741427705904,85901.99,0.0001,False
1741427705904,85901.99,6e-05,False
1741427705904,85901.99,6e-05,False
1741427705904,85901.99,0.0015,False
1741427705904,85902.0,0.001,False
1741427705904,85902.16,0.0009,False
1741427705904,85902.16,6e-05,False
1741427705904,85902.16,6e-05,False
1741427705906,85902.3,7e-05,False
1741427705906,85902.31,0.00202,False
1741427705906,85902.31,6e-05,False
1741427705906,85902.31,6e-05,False
1741427705906,85902.31,6e-05,False
1741427705906,85902.38,7e-05,False
1741427705906,85902.38,6e-05,False
1741427705906,85902.38,6e-05,False
1741427705906,85902.39,0.01663,False
1741427705907,85902.39,0.0036,False
1741427705909,85902.39,6e-05,False
1741427705909,85902.39,6e-05,False
1741427705909,85902.39,6e-05,False
1741427705909,85902.39,0.0001,False
1741427705909,85902.39,0.0001,False
1741427705909,85902.39,6e-05,False
1741427705909,85903.01,0.00086,False
1741427705909,85903.01,6e-05,False
1741427705909,85903.34,7e-05,False
1741427705909,85903.35,0.01007,False
1741427705909,85903.35,6e-05,False
1741427705909,85903.35,0.001,False
1741427705909,85903.56,7e-05,False
1741427705909,85903.57,0.01164,False
1741427705913,85905.0,0.001,False
1741427705913,85905.0,6e-05,False
1741427705913,85905.0,0.0001,False
1741427705913,85905.0,0.0001,False
1741427705913,85905.37,7e-05,False
1741427705913,85905.37,6e-05,False
1741427705913,85905.37,6e-05,False
1741427706025,85905.38,0.00013,False
1741427706280,85905.38,0.00059,False
1741427706302,85905.38,0.05285,False
1741427706302,85905.38,0.0024,False
1741427706302,85905.38,6e-05,False
1741427706302,85905.38,6e-05,False
1741427706302,85905.38,6e-05,False
1741427706302,85905.38,6e-05,False
1741427706302,85905.38,0.00013,False
1741427706302,85905.38,0.0001,False
1741427706302,85905.38,0.0001,False
1741427706302,85905.38,0.0001,False
1741427706302,85905.38,6e-05,False
1741427706302,85905.38,6e-05,False
1741427706302,85905.38,0.0065,False
1741427706302,85905.38,0.00021,False
1741427706302,85905.38,6e-05,False
1741427706302,85905.38,6e-05,False
1741427706302,85905.39,6e-05,False
1741427706302,85905.39,6e-05,False
1741427706302,85905.43,0.00014,False
1741427706302,85905.43,6e-05,False
1741427706302,85905.43,6e-05,False
1741427706302,85905.49,0.00014,False
1741427706302,85905.49,6e-05,False
1741427706302,85905.49,6e-05,False
1741427706302,85905.54,0.00014,False
1741427706302,85905.54,6e-05,False
1741427706302,85905.54,6e-05,False
1741427706302,85905.96,6e-05,False
1741427706302,85905.99,6e-05,False
1741427706302,85906.0,6e-05,False
1741427706302,85906.38,0.00022,False
1741427706302,85906.38,0.00022,False
1741427706302,85906.38,0.00022,False
1741427706302,85907.08,7e-05,False
1741427706438,85907.09,0.00057,False
1741427706438,85907.09,0.005,False
1741427706438,85907.09,0.00607,False
1741427706438,85907.09,6e-05,False
1741427706438,85907.09,6e-05,False
1741427706438,85907.09,6e-05,False
1741427706438,85907.09,6e-05,False
1741427706438,85907.09,0.0001,False
1741427706438,85907.09,0.0001,False
1741427706438,85907.09,6e-05,False
1741427706438,85907.09,6e-05,False
1741427706438,85907.09,0.0001,False
1741427706438,85907.09,0.00013,False
1741427706438,85907.09,9e-05,False
1741427706438,85907.09,6e-05,False
1741427706438,85907.09,6e-05,False
1741427706438,85907.09,6e-05,False
1741427706438,85907.09,6e-05,False
1741427706438,85907.1,6e-05,False
1741427706438,85907.1,6e-05,False
1741427706438,85907.14,0.00013,False
1741427706438,85907.14,6e-05,False
1741427706438,85907.14,6e-05,False
1741427706438,85907.19,0.00013,False
1741427706438,85907.19,6e-05,False
1741427706438,85907.19,6e-05,False
1741427706438,85907.25,0.00014,False
1741427706438,85907.25,6e-05,False
1741427706438,85907.25,6e-05,False
1741427706438,85907.98,8e-05,False
1741427706438,85907.98,8e-05,False
1741427706438,85907.98,8e-05,False
1741427706438,85907.98,6e-05,False
1741427706438,85907.99,6e-05,False
1741427706438,85907.99,7e-05,False
1741427706438,85908.0,6e-05,False
1741427706438,85908.0,6e-05,False
1741427706438,85908.0,6e-05,False
1741427706438,85908.99,0.003,False
1741427706439,85909.74,0.00012,False
1741427706439,85909.99,7e-05,False
1741427706439,85910.0,6e-05,False
1741427706439,85910.0,6e-05,False
1741427706443,85911.08,6e-05,False
1741427706443,85911.08,6e-05,False
1741427706443,85911.08,0.00016,False
1741427706443,85911.08,0.00016,False
1741427706443,85911.08,0.0001,False
1741427706443,85911.08,0.0001,False
1741427706443,85911.08,6e-05,False
1741427706455,85911.09,0.0983,False
1741427706455,85911.09,6e-05,False
1741427706455,85911.09,6e-05,False
1741427706455,85911.09,6e-05,False
1741427706455,85911.09,0.0001,False
1741427706455,85911.09,0.0001,False
1741427706455,85911.09,6e-05,False
1741427706455,85911.09,6e-05,False
1741427706455,85911.09,0.0001,False
1741427706455,85911.09,6e-05,False
1741427706455,85911.09,6e-05,False
1741427706455,85911.09,6e-05,False
1741427706455,85911.1,0.0002,False
1741427706455,85911.1,6e-05,False
1741427706455,85911.1,6e-05,False
1741427706455,85911.63,7e-05,False
1741427706455,85911.63,6e-05,False
1741427706455,85911.63,6e-05,False
1741427706455,85911.85,0.00013,False
1741427706455,85911.85,6e-05,False
1741427706455,85911.85,6e-05,False
1741427706455,85911.99,0.0002,False
1741427706455,85911.99,6e-05,False
1741427706455,85911.99,6e-05,False
1741427706455,85911.99,6e-05,False
1741427706455,85911.99,7e-05,False
1741427706455,85912.0,6e-05,False
1741427706455,85912.23,7e-05,False
1741427706455,85912.23,6e-05,False
1741427706455,85912.24,6e-05,False
1741427706455,85912.69,0.00196,False
1741427706455,85912.8,0.00652,False
1741427706502,85912.8,0.00511,False
1741427706502,85912.8,6e-05,False
1741427706502,85912.8,6e-05,False
1741427706502,85912.8,6e-05,False
1741427706502,85912.8,6e-05,False
1741427706502,85912.8,6e-05,False
1741427706502,85912.8,6e-05,False
1741427706502,85912.8,6e-05,False
1741427706502,85912.8,6e-05,False
1741427706502,85912.8,6e-05,False
1741427706502,85912.8,6e-05,False
1741427706502,85912.8,6e-05,False
1741427706502,85912.8,6e-05,False
1741427706502,85912.8,6e-05,False
1741427706502,85912.8,0.0001,False
1741427706502,85912.8,0.0001,False
1741427706502,85912.8,0.0001,False
1741427706502,85912.81,8e-05,False
1741427706502,85912.81,6e-05,False
1741427706502,85912.81,6e-05,False
1741427706502,85913.99,7e-05,False
1741427706502,85913.99,6e-05,False
1741427706502,85913.99,6e-05,False
1741427706502,85914.0,6e-05,False
1741427706502,85914.0,6e-05,False
1741427706502,85914.0,6e-05,False
1741427706502,85914.0,6e-05,False
1741427706502,85914.79,0.00018,False
1741427706502,85914.79,0.00018,False
1741427706502,85914.79,0.00014,False
1741427706502,85914.79,6e-05,False
1741427706502,85914.79,6e-05,False
1741427706502,85915.1,7e-05,False
1741427706502,85915.1,6e-05,False
1741427706506,85915.11,0.0013,False
1741427706510,85915.11,0.09443,False
1741427706510,85915.11,6e-05,False
1741427706510,85915.11,6e-05,False
1741427706510,85915.11,6e-05,False
1741427706510,85915.11,6e-05,False
1741427706510,85915.11,6e-05,False
1741427706510,85915.11,5e-05,False
1741427706525,85915.11,1e-05,False
1741427706525,85915.11,0.0001,False
1741427706525,85915.11,6e-05,False
1741427706525,85915.11,0.0001,False
1741427706525,85915.11,0.0001,False
1741427706525,85915.11,6e-05,False
1741427706525,85915.11,6e-05,False
1741427706525,85915.11,6e-05,False
1741427706525,85915.11,6e-05,False
1741427706525,85915.11,6e-05,False
1741427706525,85915.11,8e-05,False
1741427706525,85915.11,0.00012,False
1741427706525,85915.11,6e-05,False
1741427706525,85915.12,6e-05,False
1741427706525,85915.12,6e-05,False
1741427706525,85915.69,6e-05,False
1741427706525,85915.69,6e-05,False
1741427706525,85915.85,6e-05,False
1741427706525,85915.85,6e-05,False
1741427706525,85915.85,6e-05,False
1741427706525,85915.85,6e-05,False
1741427706525,85915.85,6e-05,False
1741427706525,85915.93,7e-05,False
1741427706525,85915.93,6e-05,False
1741427706525,85915.93,6e-05,False
1741427706525,85915.94,0.00373,False
1741427706525,85915.94,6e-05,False
1741427706525,85915.99,6e-05,False
1741427706525,85916.0,6e-05,False
1741427706525,85916.87,0.00085,False
1741427706525,85917.36,7e-05,False
1741427706525,85917.37,0.00384,False
1741427706525,85917.94,7e-05,False
1741427706526,85917.95,0.01163,False
1741427706526,85918.12,0.08935,False
1741427706526,85918.12,0.00418,False
1741427706526,85918.12,6e-05,False
1741427706526,85918.12,6e-05,False
1741427706526,85918.96,0.02919,False
1741427706527,85918.98,6e-05,False
1741427706527,85919.11,7e-05,False
1741427706527,85919.12,0.03269,False
1741427706528,85919.12,0.02143,False
1741427706591,85919.12,0.02377,False
1741427706591,85919.12,6e-05,False
1741427706591,85919.12,6e-05,False
1741427706591,85919.12,0.0001,False
1741427706591,85919.12,6e-05,False
1741427706591,85919.12,6e-05,False
1741427706591,85919.12,6e-05,False
1741427706591,85919.12,6e-05,False
1741427706591,85919.12,0.0001,False
1741427706591,85919.12,0.0001,False
1741427706591,85919.12,0.0001,False
1741427706591,85919.12,6e-05,False
1741427706591,85919.12,6e-05,False
1741427706591,85919.12,6e-05,False
1741427706591,85919.12,6e-05,False
1741427706591,85919.12,6e-05,False
1741427706591,85919.12,6e-05,False
1741427706591,85919.12,0.00013,False
1741427706591,85919.12,6e-05,False
1741427706591,85919.12,6e-05,False
1741427706591,85919.12,6e-05,False
1741427706591,85919.13,0.0002,False
1741427706591,85919.13,6e-05,False
1741427706591,85919.13,6e-05,False
1741427706591,85919.26,0.00013,False
1741427706591,85919.26,6e-05,False
1741427706591,85919.26,6e-05,False
1741427706591,85919.74,9e-05,False
1741427706591,85919.74,0.00019,False
1741427706591,85919.74,0.00019,False
1741427706591,85919.74,0.0001,False
1741427706591,85919.74,6e-05,False
1741427706591,85919.74,6e-05,False
1741427706591,85919.74,0.00019,False
1741427706591,85919.75,6e-05,False
1741427706591,85919.75,6e-05,False
1741427706591,85919.98,6e-05,False
1741427706591,85920.27,7e-05,False
1741427706591,85920.27,6e-05,False
1741427706904,85920.27,0.00944,True
1741427706954,85920.28,6e-05,False
1741427706954,85920.28,0.00109,False
1741427707080,85920.27,0.00011,True
1741427707153,85920.27,0.00014,True
1741427707153,85920.27,0.0001,True
1741427707153,85920.27,0.00217,True
1741427707428,85920.27,0.0002,True
1741427707481,85920.28,0.00768,False
1741427707562,85920.27,0.00062,True
1741427707814,85920.28,0.0004,False
1741427707988,85920.28,0.0001,False
1741427708186,85920.27,0.01064,True
1741427708253,85920.27,0.01474,True
1741427708420,85920.27,6e-05,True
1741427708420,85920.27,6e-05,True
1741427708460,85920.28,0.00024,False
1741427708826,85920.28,0.00943,False
1741427708856,85920.27,0.00013,True
1741427708856,85920.27,0.00094,True
1741427709122,85920.27,0.00033,True
1741427709220,85920.28,0.00021,False
1741427709235,85920.27,0.00116,True
1741427709331,85920.28,0.00115,False
1741427709426,85920.27,0.0002,True
1741427709608,85920.27,0.00942,True
1741427710436,85920.28,0.0008,False
1741427710517,85920.28,0.00942,False
1741427710688,85920.28,0.00024,False
1741427710694,85920.28,0.00023,False
1741427711200,85920.28,0.00899,False
1741427711221,85920.27,0.0039,True
1741427711289,85920.27,0.00941,True
1741427711299,85920.28,0.00023,False
1741427711340,85920.28,0.00101,False
1741427711429,85920.28,0.00024,False
1741427711451,85920.27,0.00076,True
1741427711451,85920.27,0.00076,True
1741427711461,85920.27,0.00076,True
1741427711507,85920.28,0.00121,False
1741427711662,85920.28,0.00036,False
1741427711808,85920.27,0.00021,True
1741427711871,85920.28,0.00942,False
1741427712329,85920.28,0.00022,False
1741427712501,85920.28,0.00755,False
1741427712521,85920.27,9e-05,True
1741427712630,85920.27,0.00612,True
1741427712656,85920.27,0.0021,True
1741427712656,85920.27,0.00013,True
1741427712656,85920.27,6e-05,True
1741427712656,85920.27,0.00308,True
1741427712656,85920.27,0.00222,True
1741427712656,85920.27,6e-05,True
1741427712656,85920.27,0.00058,True
1741427712656,85920.27,0.00118,True
1741427712804,85920.27,0.00308,True
1741427712825,85920.27,0.00222,True
1741427713229,85920.28,0.00941,False
1741427713995,85920.28,0.00029,False
1741427714004,85920.27,0.00132,True
1741427714004,85920.27,6e-05,True
1741427714004,85920.27,6e-05,True
1741427714004,85920.27,0.00508,True
1741427714004,85920.27,0.00288,True
1741427714572,85920.28,0.00941,False
1741427714635,85920.28,0.00034,False
1741427714663,85920.28,0.00303,False
1741427715134,85920.28,0.06014,False
1741427715134,85920.28,6e-05,False
1741427715134,85920.28,6e-05,False
1741427715134,85920.28,6e-05,False
1741427715134,85920.28,6e-05,False
1741427715134,85920.28,0.00013,False
1741427715134,85920.28,6e-05,False
1741427715134,85920.28,6e-05,False
1741427715134,85920.28,0.00058,False
1741427715134,85920.28,6e-05,False
1741427715134,85920.28,6e-05,False
1741427715134,85920.28,0.00259,False
1741427715134,85920.28,0.00013,False
1741427715134,85920.28,0.00698,False
1741427715134,85920.28,0.00033,False
1741427715134,85920.28,0.00342,False
1741427715134,85920.28,0.0001,False
1741427715134,85920.28,0.0001,False
1741427715134,85920.28,0.0001,False
1741427715134,85920.28,0.0001,False
1741427715134,85920.28,6e-05,False
1741427715134,85920.28,6e-05,False
1741427715134,85920.29,6e-05,False
1741427715134,85920.29,6e-05,False
1741427715134,85920.29,7e-05,False
1741427715143,85920.29,0.00071,True
1741427715182,85920.3,6e-05,False
1741427715182,85920.3,6e-05,False
1741427715182,85920.3,0.0001,False
1741427715182,85920.3,0.0001,False
1741427715182,85920.3,6e-05,False
1741427715182,85920.3,6e-05,False
1741427715182,85920.3,6e-05,False
1741427715182,85920.3,6e-05,False
1741427715182,85920.3,0.0001,False
1741427715182,85920.3,0.00099,False
1741427715182,85920.3,0.01,False
1741427715292,85920.3,0.0001,False
1741427715292,85920.3,0.0001,False
1741427715292,85920.3,0.0001,False
1741427715292,85920.3,6e-05,False
1741427715292,85920.3,6e-05,False
1741427715292,85920.3,6e-05,False
1741427715292,85920.3,6e-05,False
1741427715292,85920.3,6e-05,False
1741427715292,85920.3,6e-05,False
1741427715292,85920.3,9e-05,False
1741427715292,85920.3,4e-05,False
1741427715292,85920.31,6e-05,False
1741427715292,85920.31,6e-05,False
1741427715292,85920.31,0.00014,False
1741427715292,85920.32,6e-05,False
1741427715292,85920.32,6e-05,False
1741427715292,85920.33,6e-05,False
1741427715292,85920.33,6e-05,False
1741427715292,85920.34,6e-05,False
1741427715292,85920.34,6e-05,False
1741427715292,85920.35,6e-05,False
1741427715292,85920.41,0.00014,False
1741427715292,85920.41,6e-05,False
1741427715292,85920.46,0.00014,False
1741427715292,85920.46,6e-05,False
1741427715292,85920.91,0.00012,False
1741427715292,85921.03,6e-05,False
1741427715292,85921.97,0.00011,False
1741427715292,85921.97,0.00011,False
1741427715292,85921.97,0.00011,False
1741427715292,85921.98,0.00013,False
1741427715292,85921.98,7e-05,False
1741427715362,85921.98,0.00817,True
1741427715362,85921.98,0.00123,True
1741427715639,85921.99,0.0081,False
1741427715770,85921.98,0.086,True
1741427715944,85921.99,0.00353,False
1741427715944,85921.99,7e-05,False
1741427715944,85921.99,6e-05,False
1741427715944,85921.99,0.0001,False
1741427715944,85921.99,0.0001,False
1741427715944,85921.99,6e-05,False
1741427715944,85921.99,6e-05,False
1741427715944,85921.99,8e-05,False
1741427715944,85921.99,0.0001,False
1741427715944,85921.99,6e-05,False
1741427715944,85921.99,0.00518,False
1741427715944,85921.99,0.01,False
1741427716862,85921.99,6e-05,False
1741427716862,85921.99,0.00013,False
1741427716862,85921.99,6e-05,False
1741427716862,85921.99,6e-05,False
1741427716862,85921.99,6e-05,False
1741427716862,85921.99,0.00034,False
1741427716862,85921.99,0.00177,False
1741427717278,85921.99,0.00633,False
1741427717278,85921.99,6e-05,False
1741427717278,85921.99,6e-05,False
1741427717278,85921.99,0.0001,False
1741427717278,85921.99,6e-05,False
1741427717278,85921.99,0.00045,False
1741427717511,85921.99,0.00115,False
1741427717606,85921.99,0.00022,False
1741427718050,85921.98,0.00232,True
1741427718050,85921.98,0.01412,True
1741427718413,85921.99,0.00032,False
1741427718624,85921.99,6e-05,False
1741427718624,85921.99,0.0001,False
1741427718624,85921.99,6e-05,False
1741427718624,85921.99,6e-05,False
1741427718624,85921.99,6e-05,False
1741427718624,85921.99,0.0053,False
1741427718624,85921.99,0.00014,False
1741427718624,85921.99,6e-05,False
1741427718624,85921.99,6e-05,False
1741427718624,85921.99,0.0035,False
1741427718731,85921.99,6e-05,False
1741427718731,85921.99,0.00058,False
1741427718731,85921.99,0.00115,False
1741427719157,85921.99,0.00014,False
1741427719306,85921.99,0.00075,False
1741427719386,85921.98,0.00548,True
1741427719386,85921.98,0.00392,True
1741427719476,85921.99,0.00051,False
1741427719637,85921.98,0.0001,True
1741427720106,85921.99,6e-05,False
1741427720106,85921.99,6e-05,False
1741427720106,85921.99,6e-05,False
1741427720106,85921.99,6e-05,False
1741427720106,85921.99,6e-05,False
1741427720106,85921.99,6e-05,False
1741427720106,85921.99,0.00013,False
1741427720106,85921.99,0.14284,False
1741427720106,85921.99,0.01966,False
1741427720357,85921.99,0.01875,False
1741427720357,85921.99,0.00011,False
1741427720357,85921.99,6e-05,False
1741427720357,85921.99,0.00244,False
1741427720357,85921.99,0.0001,False
1741427720357,85921.99,0.00041,False
1741427720357,85921.99,6e-05,False
1741427720357,85921.99,6e-05,False
1741427720357,85921.99,6e-05,False
1741427720357,85921.99,6e-05,False
1741427720357,85921.99,6e-05,False
1741427720357,85921.99,6e-05,False
1741427720357,85921.99,0.00014,False
1741427720357,85921.99,6e-05,False
1741427720357,85922.0,6e-05,False
1741427720357,85922.0,6e-05,False
1741427720357,85922.02,6e-05,False
1741427720357,85922.02,6e-05,False
1741427720357,85922.03,6e-05,False
1741427720357,85922.03,6e-05,False
1741427720357,85922.04,6e-05,False
1741427720357,85922.04,6e-05,False
1741427720357,85922.05,0.00014,False
1741427720357,85922.05,6e-05,False
1741427720357,85922.08,6e-05,False
1741427720357,85922.09,6e-05,False
1741427720357,85922.1,0.00013,False
1741427720357,85922.15,0.00013,False
1741427720357,85922.74,7e-05,False
1741427720357,85922.75,0.00666,False
1741427720357,85922.99,0.00017,False
1741427720357,85923.05,0.00015,False
1741427720357,85923.05,7e-05,False
1741427720357,85923.06,0.05848,False
1741427720357,85923.06,6e-05,False
1741427720357,85923.06,6e-05,False
1741427720357,85923.07,0.0019,False
1741427720358,85923.07,6e-05,False
1741427720358,85923.64,7e-05,False
1741427720358,85923.64,9e-05,False
1741427720358,85923.64,9e-05,False
1741427720358,85923.64,9e-05,False
1741427720358,85923.65,0.02724,False
1741427720358,85923.65,0.06388,False
1741427720358,85923.98,9e-05,False
1741427720361,85923.65,6e-05,False
1741427720361,85923.65,6e-05,False
1741427720361,85924.5,6e-05,False
1741427720361,85924.5,6e-05,False
1741427720361,85925.4,7e-05,False
1741427720372,85925.41,0.0001,False
1741427720372,85925.41,6e-05,False
1741427720372,85925.41,6e-05,False
1741427720372,85925.41,6e-05,False
1741427720372,85925.41,6e-05,False
1741427720372,85925.41,6e-05,False
1741427720372,85925.41,6e-05,False
1741427720372,85925.41,6e-05,False
1741427720413,85925.41,0.0001,False
1741427720413,85925.41,6e-05,False
1741427720413,85925.41,6e-05,False
1741427720413,85925.41,6e-05,False
1741427720413,85925.41,6e-05,False
1741427720413,85925.41,6e-05,False
1741427720413,85925.41,6e-05,False
1741427720413,85925.41,0.0001,False
1741427720413,85925.41,4e-05,False
1741427720414,85925.41,2e-05,False
1741427720414,85925.41,6e-05,False
1741427720414,85925.42,0.00017,False
1741427720414,85925.99,0.00011,False
1741427720414,85925.99,0.00011,False
1741427720414,85925.99,6e-05,False
1741427720414,85925.99,0.00011,False
1741427720414,85925.99,0.00027,False
1741427720414,85925.99,6e-05,False
1741427720414,85926.0,6e-05,False
1741427720414,85926.0,6e-05,False
1741427720414,85926.23,6e-05,False
1741427720414,85926.23,6e-05,False
1741427720414,85926.42,6e-05,False
1741427720414,85926.42,6e-05,False
1741427720414,85926.53,7e-05,False
1741427720414,85926.53,6e-05,False
1741427720417,85928.67,7e-05,False
1741427720417,85928.67,6e-05,False
1741427720449,85928.68,0.0492,False
1741427720450,85928.68,0.03959,False
1741427720450,85928.68,6e-05,False
1741427720450,85928.68,6e-05,False
1741427720450,85928.68,6e-05,False
1741427720450,85928.68,6e-05,False
1741427720450,85928.68,6e-05,False
1741427720450,85928.68,6e-05,False
1741427720450,85928.68,0.0001,False
1741427720450,85928.68,6e-05,False
1741427720450,85928.68,6e-05,False
1741427720450,85928.69,0.00017,False
1741427720450,85928.69,6e-05,False
1741427720450,85928.69,6e-05,False
1741427720452,85928.97,0.00015,False
1741427720452,85928.97,7e-05,False
1741427720452,85928.97,0.00015,False
1741427720452,85928.97,6e-05,False
1741427720452,85928.97,6e-05,False
1741427720452,85928.97,0.0001,False
1741427720452,85928.98,6e-05,False
1741427720452,85928.98,6e-05,False
1741427720452,85928.98,6e-05,False
1741427720452,85929.0,6e-05,False
1741427720452,85929.0,6e-05,False
1741427720563,85929.0,9e-05,True
1741427720570,85929.01,6e-05,False
1741427720570,85929.01,6e-05,False
1741427720570,85929.01,0.0001,False
1741427720570,85929.01,6e-05,False
1741427720570,85929.01,6e-05,False
1741427720570,85929.01,6e-05,False
1741427720570,85929.01,6e-05,False
1741427720570,85929.01,6e-05,False
1741427720570,85929.01,6e-05,False
1741427720570,85929.01,6e-05,False
1741427720570,85929.01,6e-05,False
1741427720570,85929.07,0.00013,False
1741427720570,85929.07,6e-05,False
1741427720570,85929.07,6e-05,False
1741427720570,85929.12,0.00013,False
1741427720570,85929.12,6e-05,False
1741427720570,85929.12,6e-05,False
1741427720570,85929.17,0.00014,False
1741427720570,85929.17,6e-05,False
1741427720570,85929.17,6e-05,False
1741427720570,85929.7,6e-05,False
1741427720570,85929.7,6e-05,False
1741427720570,85929.7,6e-05,False
1741427720570,85930.65,0.00024,False
1741427720570,85930.65,6e-05,False
1741427720570,85930.66,0.0002,False
1741427720570,85930.66,0.0002,False
1741427720570,85930.66,6e-05,False
1741427720570,85930.72,0.00011,False
1741427720570,85930.72,9e-05,False
1741427720570,85930.72,9e-05,False
1741427720570,85930.72,6e-05,False
1741427720570,85930.73,0.00012,False
1741427720570,85931.32,7e-05,False
1741427720570,85931.43,6e-05,False
1741427720570,85932.0,0.0001,False
1741427720570,85932.08,0.00012,False
1741427720570,85932.32,0.0001,False
1741427720570,85932.46,0.00011,False
1741427720570,85932.96,7e-05,False
1741427720594,85932.97,0.02323,False
1741427720625,85932.97,0.02324,False
1741427720657,85932.97,0.02325,False
1741427720671,85932.97,0.01687,False
1741427720671,85932.97,6e-05,False
1741427720671,85932.97,6e-05,False
1741427720671,85932.97,0.0001,False
1741427720671,85932.97,6e-05,False
1741427720671,85932.97,6e-05,False
1741427720671,85932.97,6e-05,False
1741427720671,85932.97,6e-05,False
1741427720671,85932.97,6e-05,False
1741427720671,85932.97,0.00021,False
1741427720671,85932.97,0.00013,False
1741427720671,85932.97,6e-05,False
1741427720671,85932.97,0.0001,False
1741427720671,85932.97,0.00537,False
1741427721003,85932.97,0.0001,False
1741427721003,85932.97,6e-05,False
1741427721003,85932.97,6e-05,False
1741427721003,85932.97,6e-05,False
1741427721003,85932.97,6e-05,False
1741427721003,85932.97,6e-05,False
1741427721208,85932.96,0.0002,True
1741427721314,85932.97,6e-05,False
1741427721314,85932.97,6e-05,False
1741427721314,85932.97,6e-05,False
1741427721314,85932.97,5e-05,False
1741427721372,85932.96,0.00032,True
1741427721570,85932.96,0.01799,True
1741427722494,85932.97,1e-05,False
1741427722494,85932.97,0.00013,False
1741427722494,85932.97,6e-05,False
1741427722494,85932.97,6e-05,False
1741427722494,85932.97,0.00452,False
1741427722955,85932.97,0.01201,False
1741427723238,85932.97,7e-05,False
1741427724073,85932.96,0.00093,True
1741427724201,85932.96,8e-05,True
1741427724244,85932.97,6e-05,False
1741427724788,85932.97,0.02327,False
