timestamp,price,volume,is_ask
1741430459936,86161.98,0.00139,True
1741430460038,86161.98,0.00167,True
1741430460159,86161.98,0.00011,True
1741430460206,86161.99,0.02319,False
1741430460246,86161.99,0.02319,False
1741430460323,86161.99,0.00223,False
1741430460366,86161.99,0.00017,False
1741430461034,86161.99,0.00034,False
1741430461389,86161.99,0.00099,False
1741430461811,86161.98,0.00015,True
1741430461811,86161.98,0.00015,True
1741430461827,86161.99,0.00041,False
1741430462121,86161.99,9e-05,False
1741430462286,86161.98,0.00465,True
1741430462344,86161.99,0.00027,False
1741430462810,86161.99,0.00011,False
1741430463170,86161.99,0.00124,False
1741430463690,86161.99,0.00243,False
1741430465301,86161.99,0.00136,False
1741430465703,86161.99,0.06869,False
1741430466002,86161.99,0.00021,False
1741430466128,86161.99,0.00228,False
1741430467335,86161.99,0.00035,False
1741430467380,86161.98,8e-05,True
1741430467404,86161.99,0.00116,False
1741430467604,86161.98,0.0004,True
1741430467657,86161.99,0.00093,False
1741430467984,86161.99,0.00364,False
1741430468444,86161.98,0.02224,True
1741430468516,86161.99,0.00014,False
1741430468551,86161.99,0.00029,False
1741430469475,86161.98,0.00035,True
1741430470428,86161.98,0.0039,True
1741430470703,86161.99,0.05189,False
1741430470703,86161.99,0.02394,False
1741430470753,86161.99,0.00058,False
1741430471007,86161.99,0.00174,False
1741430471115,86161.98,0.0002,True
1741430471367,86161.98,0.00289,True
1741430471367,86161.98,0.01037,True
1741430471367,86161.98,0.0001,True
1741430471367,86161.98,7e-05,True
1741430471367,86161.98,7e-05,True
1741430471367,86161.98,6e-05,True
1741430471367,86161.98,0.00013,True
1741430471367,86161.98,7e-05,True
1741430471367,86161.98,7e-05,True
1741430471367,86161.98,0.006,True
1741430471367,86161.98,0.00222,True
1741430471367,86161.98,0.00014,True
1741430471367,86161.98,0.0255,True
1741430471368,86161.98,0.4745,True
1741430471368,86161.98,0.00549,True
1741430471368,86161.98,0.0459,True
1741430471368,86161.98,0.014,True
1741430471368,86161.98,0.0001,True
1741430471368,86161.98,0.0001,True
1741430471368,86161.98,0.00335,True
1741430471368,86161.98,0.01037,True
1741430471368,86161.98,7e-05,True
1741430471368,86161.98,6e-05,True
1741430471368,86161.98,0.01037,True
1741430471368,86161.98,0.01037,True
1741430471368,86161.98,0.01037,True
1741430471368,86161.98,0.00608,True
1741430471368,86161.98,0.00429,True
1741430471368,86161.98,0.00571,True
1741430471368,86161.98,0.00463,True
1741430471535,86161.97,0.00015,True
1741430471568,86161.97,0.00056,True
1741430471568,86161.97,0.00166,True
1741430471881,86161.97,0.00024,True
1741430472223,86161.98,0.00036,False
1741430472286,86161.97,0.00017,True
1741430472293,86161.97,0.00139,True
1741430472382,86161.97,0.01464,True
1741430472383,86161.97,0.0011,True
1741430472383,86161.97,0.0106,True
1741430472384,86161.97,0.00458,True
1741430472384,86161.97,0.00232,True
1741430472384,86161.97,6e-05,True
1741430472384,86161.97,0.0001,True
1741430472384,86161.97,0.0001,True
1741430472384,86161.97,0.0001,True
1741430472384,86161.97,0.00014,True
1741430472384,86161.97,0.0192,True
1741430472384,86161.97,0.00798,True
1741430472384,86161.97,0.0072,True
1741430472384,86161.97,6e-05,True
1741430472384,86161.97,0.00274,True
1741430472384,86161.97,0.01646,True
1741430472384,86161.97,0.01077,True
1741430472384,86161.97,0.00441,True
1741430472384,86161.97,0.0009,True
1741430472384,86161.97,0.0183,True
1741430472384,86161.97,0.01518,True
1741430472384,86161.97,0.0192,True
1741430472384,86161.97,0.01518,True
1741430472384,86161.97,0.0192,True
1741430472384,86161.97,0.01518,True
1741430472384,86161.97,0.0192,True
1741430472384,86161.97,0.01518,True
1741430472384,86161.97,0.0192,True
1741430472384,86161.97,0.01518,True
1741430472384,86161.97,0.0192,True
1741430472384,86161.97,0.01518,True
1741430472384,86161.97,0.01918,True
1741430472384,86161.97,0.01517,True
1741430472384,86161.94,0.00013,True
1741430472384,86161.9,7e-05,True
1741430472384,86161.9,7e-05,True
1741430472384,86161.9,7e-05,True
1741430472384,86161.89,0.00502,True
1741430472384,86161.89,0.00058,True
1741430472384,86161.86,0.00013,True
1741430472384,86161.81,0.00014,True
1741430472385,86161.03,6e-05,True
1741430472385,86161.0,0.00132,True
1741430472385,86160.19,7e-05,True
1741430472385,86160.19,7e-05,True
1741430472385,86160.19,7e-05,True
1741430472385,86160.18,0.0116,True
1741430472385,86160.17,7e-05,True
1741430472385,86160.17,7e-05,True
1741430472385,86160.17,7e-05,True
1741430472385,86160.16,6e-05,True
1741430472385,86160.16,8e-05,True
1741430472385,86160.16,8e-05,True
1741430472385,86160.16,0.01318,True
1741430472385,86160.16,6e-05,True
1741430472385,86160.16,7e-05,True
1741430472385,86160.16,7e-05,True
1741430472385,86160.16,6e-05,True
1741430472385,86160.16,7e-05,True
1741430472385,86160.15,0.05083,True
1741430472385,86160.15,0.03379,True
1741430472385,86160.15,0.01231,True
1741430472386,86160.15,0.00027,True
1741430472386,86160.15,6e-05,True
1741430472386,86160.15,6e-05,True
1741430472386,86159.71,9e-05,True
1741430472386,86159.71,9e-05,True
1741430472386,86159.71,7e-05,True
1741430472386,86159.7,0.00992,True
1741430472387,86159.7,0.06964,True
1741430472387,86159.7,0.01135,True
1741430472387,86159.3,6e-05,True
1741430472391,86159.7,6e-05,True
1741430472391,86159.7,0.003,True
1741430472391,86159.7,0.0001,True
1741430472391,86159.7,0.0001,True
1741430472391,86159.7,6e-05,True
1741430472391,86158.47,0.01005,True
1741430472391,86158.43,6e-05,True
1741430472391,86158.0,6e-05,True
1741430472391,86158.0,6e-05,True
1741430472391,86157.98,8e-05,True
1741430472391,86157.98,8e-05,True
1741430472391,86157.98,7e-05,True
1741430472391,86157.98,7e-05,True
1741430472391,86157.98,7e-05,True
1741430472391,86157.97,0.013,True
1741430472391,86157.97,0.03292,True
1741430472393,86157.97,0.00915,True
1741430472399,86157.97,0.00024,True
1741430472401,86157.97,0.00025,True
1741430472401,86157.97,0.00071,True
1741430472401,86157.97,0.0029,True
1741430472402,86157.97,0.00241,True
1741430472425,86157.97,0.00425,True
1741430472425,86157.97,9e-05,True
1741430472425,86157.97,9e-05,True
1741430472425,86157.97,6e-05,True
1741430472425,86157.97,7e-05,True
1741430472425,86157.97,7e-05,True
1741430472425,86157.97,0.0001,True
1741430472425,86157.97,0.0001,True
1741430472425,86157.97,0.00014,True
1741430472425,86157.97,0.00014,True
1741430472425,86157.97,0.0001,True
1741430472425,86157.97,0.00014,True
1741430472425,86157.97,0.00019,True
1741430472425,86157.97,7e-05,True
1741430472425,86157.97,7e-05,True
1741430472425,86157.97,6e-05,True
1741430472425,86157.97,7e-05,True
1741430472425,86157.96,0.06861,True
1741430472425,86157.96,0.00014,True
1741430472425,86157.96,0.00544,True
1741430472425,86157.96,0.04,True
1741430472431,86157.96,0.03465,True
1741430472431,86157.96,0.04535,True
1741430472438,86157.96,0.00059,True
1741430472438,86157.96,0.0001,True
1741430472438,86157.96,0.0001,True
1741430472438,86157.96,0.0001,True
1741430472438,86157.56,6e-05,True
1741430472438,86156.51,0.00112,True
1741430472438,86156.46,7e-05,True
1741430472438,86156.46,7e-05,True
1741430472438,86156.46,7e-05,True
1741430472492,86156.45,0.0001,True
1741430472492,86156.45,0.0001,True
1741430472492,86156.45,0.0001,True
1741430472492,86156.45,6e-05,True
1741430472492,86156.45,6e-05,True
1741430472492,86156.44,8e-05,True
1741430472492,86156.34,0.00014,True
1741430472492,86156.27,7e-05,True
1741430472492,86156.27,7e-05,True
1741430472492,86156.27,8e-05,True
1741430472492,86156.27,8e-05,True
1741430472492,86156.27,6e-05,True
1741430472492,86156.27,2e-05,True
1741430472492,86156.27,7e-05,True
1741430472615,86156.26,0.0002,True
1741430473120,86156.26,0.0002,True
1741430473618,86156.26,0.0002,True
1741430473704,86156.27,0.0001,False
1741430473766,86156.26,0.011,True
1741430473766,86156.26,0.0001,True
1741430473766,86156.26,0.0001,True
1741430473766,86156.26,0.0001,True
1741430473766,86156.26,0.00013,True
1741430473766,86156.26,6e-05,True
1741430473766,86156.26,0.03261,True
1741430473766,86156.26,0.01,True
1741430473769,86156.26,0.00079,True
1741430474304,86156.27,0.00981,False
1741430474304,86156.27,0.00411,False
1741430474310,86156.26,0.00036,True
1741430474345,86156.26,0.00029,True
1741430474570,86156.27,0.00149,False
1741430475007,86156.27,0.00034,False
1741430476632,86156.27,0.00094,False
1741430477011,86156.27,0.00036,False
1741430477178,86156.26,0.00012,True
1741430477221,86156.26,0.0389,True
1741430477343,86156.26,0.0014,True
1741430477469,86156.27,0.00023,False
1741430477859,86156.27,0.00016,False
1741430478768,86156.26,0.0086,True
1741430478907,86156.26,0.00036,True
1741430479344,86156.26,0.0008,True
1741430479461,86156.27,0.00093,False
1741430479865,86156.26,0.0009,True
1741430479870,86156.26,0.0008,True
1741430480417,86156.26,0.00321,True
1741430480479,86156.26,0.0012,True
1741430480703,86156.27,0.07824,False
1741430481390,86156.26,0.0009,True
1741430481809,86156.26,0.00026,True
1741430481881,86156.26,0.0009,True
1741430481885,86156.26,0.001,True
1741430482266,86156.26,0.00087,True
1741430482459,86156.26,0.0012,True
1741430482846,86156.26,0.0014,True
1741430482914,86156.27,0.00015,False
1741430483091,86156.27,5e-05,False
1741430483205,86156.26,0.00012,True
1741430483372,86156.26,0.0009,True
1741430483412,86156.26,0.0009,True
1741430483558,86156.26,0.0009,True
1741430483565,86156.26,0.0011,True
1741430483612,86156.26,0.0008,True
1741430483798,86156.26,0.001,True
1741430483806,86156.26,0.0009,True
1741430483881,86156.26,0.0008,True
1741430483902,86156.26,0.0009,True
1741430483915,86156.26,0.0017,True
1741430484015,86156.27,0.00052,False
1741430484298,86156.27,0.00032,False
1741430484412,86156.26,0.0001,True
1741430484569,86156.26,0.0011,True
1741430484575,86156.26,0.0012,True
1741430484586,86156.26,0.0012,True
1741430484627,86156.27,9e-05,False
1741430484627,86156.27,1e-05,False
1741430484650,86156.26,0.0013,True
1741430484679,86156.26,0.0013,True
1741430485359,86156.27,0.00015,False
1741430485695,86156.27,9e-05,False
1741430485703,86156.27,0.05328,False
1741430485933,86156.26,0.0009,True
1741430486010,86156.26,0.0008,True
1741430486013,86156.26,0.00322,True
1741430486016,86156.26,0.0008,True
1741430486027,86156.26,0.0008,True
1741430486049,86156.26,0.0009,True
1741430486108,86156.26,0.00082,True
1741430486768,86156.26,0.0011,True
1741430486773,86156.26,0.00058,True
1741430487019,86156.27,0.00385,False
1741430488321,86156.26,0.21529,True
1741430488321,86156.26,6e-05,True
1741430488321,86156.26,0.00058,True
1741430488321,86156.26,0.00013,True
1741430488321,86156.26,0.00013,True
1741430488321,86156.26,0.00116,True
1741430488321,86156.26,0.0364,True
1741430488321,86156.26,6e-05,True
1741430488321,86156.26,0.0735,True
1741430488321,86156.26,0.09007,True
1741430488508,86156.27,0.00046,False
1741430489752,86156.27,0.02506,False
1741430490015,86156.27,0.00017,False
1741430490079,86156.26,0.00032,True
1741430490168,86156.27,0.00047,False
1741430490175,86156.26,0.0002,True
1741430491490,86156.26,0.01331,True
1741430491899,86156.26,0.00089,True
1741430492332,86156.27,0.0006,False
1741430492333,86156.27,0.0006,False
1741430492334,86156.27,0.0006,False
1741430492494,86156.27,0.00015,False
1741430492500,86156.27,0.00015,False
1741430492503,86156.27,0.00015,False
1741430492507,86156.27,0.00015,False
1741430492507,86156.27,0.00015,False
1741430492507,86156.27,0.00015,False
1741430492509,86156.27,0.00015,False
1741430492511,86156.27,0.00015,False
1741430492511,86156.27,0.00015,False
1741430492511,86156.27,0.00015,False
1741430492520,86156.27,0.00015,False
1741430492526,86156.27,0.00015,False
1741430492537,86156.27,0.00015,False
1741430492540,86156.27,0.00015,False
1741430492540,86156.27,0.00015,False
1741430492540,86156.27,0.00015,False
1741430492545,86156.27,0.00015,False
1741430492546,86156.27,0.00015,False
1741430492547,86156.27,0.00015,False
1741430492549,86156.27,0.00015,False
1741430492553,86156.27,0.00015,False
1741430492565,86156.27,0.00015,False
1741430492901,86156.26,0.00089,True
1741430492995,86156.27,0.00019,False
1741430492995,86156.27,6e-05,False
1741430492995,86156.27,0.00013,False
1741430492995,86156.27,6e-05,False
1741430492995,86156.27,0.00058,False
1741430492995,86156.27,0.00105,False
1741430492995,86156.27,0.00025,False
1741430493025,86156.27,0.00028,False
1741430493025,86156.27,0.00194,False
1741430493030,86156.27,0.00249,False
1741430493132,86156.27,0.00015,False
1741430493133,86156.27,0.00015,False
1741430493139,86156.27,0.00015,False
1741430493140,86156.27,0.00015,False
1741430493140,86156.27,0.00015,False
1741430493150,86156.27,0.00015,False
1741430493151,86156.27,0.00015,False
1741430493153,86156.27,0.00015,False
1741430493157,86156.27,0.00015,False
1741430493160,86156.27,0.00015,False
1741430493163,86156.27,0.00015,False
1741430493165,86156.27,0.00015,False
1741430493167,86156.27,0.00015,False
1741430493168,86156.27,0.00015,False
1741430493174,86156.27,0.00015,False
1741430493182,86156.27,0.00015,False
1741430493183,86156.27,0.00015,False
1741430493183,86156.27,0.00015,False
1741430493189,86156.27,0.00015,False
1741430493190,86156.27,0.00015,False
1741430493192,86156.27,0.00015,False
1741430493196,86156.27,0.00015,False
1741430493401,86156.26,0.00079,True
1741430493452,86156.27,0.00032,False
1741430493906,86156.26,0.00089,True
1741430494086,86156.26,0.00078,True
1741430494131,86156.27,0.00015,False
1741430494134,86156.27,0.00015,False
1741430494144,86156.27,0.00015,False
1741430494146,86156.27,0.00015,False
1741430494148,86156.27,0.00015,False
1741430494151,86156.27,0.00015,False
1741430494151,86156.27,0.00015,False
1741430494152,86156.27,0.00015,False
1741430494155,86156.27,0.00015,False
1741430494160,86156.27,0.00015,False
1741430494162,86156.27,0.00015,False
1741430494162,86156.27,0.00015,False
1741430494165,86156.27,0.00015,False
1741430494168,86156.27,0.00015,False
1741430494172,86156.27,0.00015,False
1741430494173,86156.27,0.00015,False
1741430494180,86156.27,0.00015,False
1741430494182,86156.27,0.00015,False
1741430494187,86156.27,0.00015,False
1741430494189,86156.27,0.00015,False
1741430494190,86156.27,0.00015,False
1741430494191,86156.27,0.00015,False
1741430494191,86156.27,0.00015,False
1741430494194,86156.27,0.00015,False
1741430494198,86156.27,0.00015,False
1741430494203,86156.27,0.00015,False
1741430494322,86156.26,0.00079,True
1741430494747,86156.27,0.00015,False
1741430494747,86156.27,0.00015,False
1741430494749,86156.27,0.00015,False
1741430494752,86156.27,0.00015,False
1741430494757,86156.27,0.00015,False
1741430494760,86156.27,0.00015,False
1741430494767,86156.27,0.00015,False
1741430494769,86156.27,0.00015,False
1741430494775,86156.27,0.00015,False
1741430494779,86156.27,0.00015,False
1741430494783,86156.27,0.00015,False
1741430494786,86156.27,0.00015,False
1741430494786,86156.27,0.00015,False
1741430494787,86156.27,0.00015,False
1741430494790,86156.27,0.00015,False
1741430494792,86156.27,0.00015,False
1741430494793,86156.27,0.00015,False
1741430494794,86156.27,0.00015,False
1741430494794,86156.27,0.00015,False
1741430494796,86156.27,0.00015,False
1741430494800,86156.27,0.00015,False
1741430494800,86156.27,0.00015,False
1741430494801,86156.27,0.00015,False
1741430494802,86156.27,0.00015,False
1741430494802,86156.27,0.00015,False
1741430494802,86156.27,0.00015,False
1741430494803,86156.27,0.00015,False
1741430494804,86156.27,0.00015,False
1741430494806,86156.27,0.00015,False
1741430494807,86156.27,0.00015,False
1741430494809,86156.27,0.00015,False
1741430494812,86156.27,0.00015,False
1741430494815,86156.27,0.00015,False
1741430494817,86156.27,0.00015,False
1741430494827,86156.27,0.00015,False
1741430494891,86156.26,0.00024,True
1741430494907,86156.26,0.00089,True
1741430494911,86156.27,0.00024,False
1741430494912,86156.27,0.00024,False
1741430494990,86156.27,0.00015,False
1741430494993,86156.27,0.00015,False
1741430495004,86156.27,0.00015,False
1741430495006,86156.27,0.00015,False
1741430495009,86156.27,0.00015,False
1741430495010,86156.27,0.00015,False
1741430495017,86156.27,0.00015,False
1741430495029,86156.27,0.00015,False
1741430495033,86156.27,0.00015,False
1741430495042,86156.27,0.00015,False
1741430495044,86156.27,0.00015,False
1741430495045,86156.27,0.00015,False
1741430495045,86156.27,0.00015,False
1741430495047,86156.27,0.00015,False
1741430495047,86156.27,0.00015,False
1741430495075,86156.26,0.00031,True
1741430495075,86156.26,0.0006,True
1741430495075,86156.26,1e-05,True
1741430495419,86156.27,0.00019,False
1741430495558,86156.27,0.00024,False
1741430495703,86156.27,0.02232,False
1741430495703,86156.27,0.0001,False
1741430495703,86156.27,0.0001,False
1741430495703,86156.27,0.0001,False
1741430495703,86156.27,6e-05,False
1741430495703,86156.27,6e-05,False
1741430495703,86156.27,6e-05,False
1741430495703,86156.27,6e-05,False
1741430495703,86156.27,6e-05,False
1741430495703,86156.27,6e-05,False
1741430495703,86156.27,0.00013,False
1741430495703,86156.27,0.00046,False
1741430495703,86156.27,6e-05,False
1741430495703,86156.27,0.00058,False
1741430495703,86156.27,6e-05,False
1741430495703,86156.27,6e-05,False
1741430495703,86156.28,6e-05,False
1741430495703,86156.28,6e-05,False
1741430495703,86156.29,6e-05,False
1741430495703,86156.29,6e-05,False
1741430495703,86156.31,0.00013,False
1741430495703,86156.31,6e-05,False
1741430495703,86156.31,6e-05,False
1741430495703,86156.35,6e-05,False
1741430495703,86156.35,6e-05,False
1741430495703,86156.36,6e-05,False
1741430495703,86156.37,6e-05,False
1741430495703,86156.41,6e-05,False
1741430495703,86156.45,7e-05,False
1741430495703,86156.45,7e-05,False
1741430495703,86156.45,7e-05,False
1741430495703,86156.46,0.02261,False
1741430495703,86156.46,6e-05,False
1741430495703,86156.46,6e-05,False
1741430495703,86156.59,8e-05,False
1741430495703,86156.69,6e-05,False
1741430495703,86157.76,7e-05,False
1741430495703,86157.76,7e-05,False
1741430495703,86157.76,6e-05,False
1741430495703,86157.76,6e-05,False
1741430495703,86157.76,6e-05,False
1741430495703,86157.76,7e-05,False
1741430495703,86157.77,0.01453,False
1741430495912,86157.76,0.00089,True
1741430496101,86157.77,0.00019,False
1741430496343,86157.77,0.00019,False
1741430496708,86157.77,0.00059,False
1741430496807,86157.77,0.00015,False
1741430496807,86157.77,0.00044,False
1741430496905,86157.77,0.00059,False
1741430497122,86157.77,0.00059,False
1741430497228,86157.77,0.00059,False
1741430497431,86157.76,0.00052,True
1741430497526,86157.77,0.03354,False
1741430497526,86157.77,0.05791,False
1741430497526,86157.77,6e-05,False
1741430497526,86157.77,6e-05,False
1741430497526,86157.77,6e-05,False
1741430497526,86157.77,6e-05,False
1741430497526,86157.77,0.00084,False
1741430497526,86157.77,0.00013,False
1741430497526,86157.77,0.00506,False
1741430497526,86157.77,6e-05,False
1741430497526,86157.77,0.045,False
1741430497526,86157.77,6e-05,False
1741430497526,86157.77,6e-05,False
1741430497526,86157.77,0.0001,False
1741430497526,86157.77,0.0001,False
1741430497526,86157.77,0.0001,False
1741430497526,86157.78,6e-05,False
1741430497526,86157.78,6e-05,False
1741430497526,86157.81,6e-05,False
1741430497526,86157.81,6e-05,False
1741430497526,86157.82,0.00014,False
1741430497526,86157.82,6e-05,False
1741430497526,86157.82,6e-05,False
1741430497526,86157.86,6e-05,False
1741430497526,86157.86,6e-05,False
1741430497526,86157.87,6e-05,False
1741430497526,86157.87,0.00013,False
1741430497526,86157.9,6e-05,False
1741430497526,86157.91,0.00013,False
1741430497526,86157.91,6e-05,False
1741430497526,86158.0,6e-05,False
1741430497526,86158.0,6e-05,False
1741430497526,86158.02,7e-05,False
1741430497526,86158.02,7e-05,False
1741430497526,86158.02,7e-05,False
1741430497527,86158.03,0.0023,False
1741430497528,86158.03,0.0001,False
1741430497529,86158.03,0.0376,False
1741430497529,86158.12,8e-05,False
1741430497532,86158.42,6e-05,False
1741430497532,86158.42,6e-05,False
1741430497532,86158.42,0.0001,False
1741430497532,86158.42,0.0001,False
1741430497532,86158.42,0.0001,False
1741430497532,86158.42,6e-05,False
1741430497532,86158.42,6e-05,False
1741430497532,86159.1,0.001,False
1741430497532,86159.1,6e-05,False
1741430497532,86159.1,6e-05,False
1741430497532,86159.29,4e-05,False
1741430497532,86159.29,2e-05,False
1741430497532,86159.29,6e-05,False
1741430497532,86159.29,6e-05,False
1741430497532,86159.68,7e-05,False
1741430497532,86159.68,7e-05,False
1741430497532,86159.68,0.0001,False
1741430497532,86159.68,0.0001,False
1741430497532,86159.68,6e-05,False
1741430497532,86159.68,6e-05,False
1741430497532,86159.68,0.0001,False
1741430497532,86159.68,0.0015,False
1741430497532,86159.68,7e-05,False
1741430497617,86159.69,0.0116,False
1741430497617,86159.69,6e-05,False
1741430497617,86159.69,6e-05,False
1741430497617,86159.69,0.0001,False
1741430497617,86159.69,0.0001,False
1741430497617,86159.69,0.0001,False
1741430497617,86159.69,6e-05,False
1741430497617,86159.69,6e-05,False
1741430497617,86159.69,6e-05,False
1741430497617,86159.69,6e-05,False
1741430497617,86159.69,6e-05,False
1741430497617,86159.69,0.00014,False
1741430497617,86159.69,6e-05,False
1741430497617,86159.7,6e-05,False
1741430497617,86159.7,6e-05,False
1741430497617,86159.74,0.00014,False
1741430497617,86159.83,7e-05,False
1741430497617,86159.83,7e-05,False
1741430497617,86159.83,6e-05,False
1741430497617,86159.83,6e-05,False
1741430497617,86159.83,7e-05,False
1741430497617,86159.84,0.07901,False
1741430497617,86159.84,6e-05,False
1741430497617,86159.84,6e-05,False
1741430497617,86159.84,6e-05,False
1741430497617,86159.84,6e-05,False
1741430497617,86159.85,0.00014,False
1741430497617,86159.85,6e-05,False
1741430497617,86159.85,6e-05,False
1741430497618,86159.86,6e-05,False
1741430497618,86160.15,4e-05,False
1741430497618,86160.15,2e-05,False
1741430497618,86160.26,6e-05,False
1741430497619,86161.01,6e-05,False
1741430497619,86161.01,6e-05,False
1741430497619,86161.01,6e-05,False
1741430497621,86161.81,0.00112,False
1741430497621,86161.81,6e-05,False
1741430497621,86161.88,6e-05,False
1741430497621,86161.88,6e-05,False
1741430497621,86161.98,7e-05,False
1741430497621,86161.98,7e-05,False
1741430497621,86161.98,7e-05,False
1741430497631,86161.99,0.00666,False
1741430497631,86161.99,0.00048,False
1741430497631,86161.99,0.0001,False
1741430497631,86161.99,6e-05,False
1741430497631,86161.99,6e-05,False
1741430497631,86161.99,0.0001,False
1741430497631,86161.99,6e-05,False
1741430497631,86161.99,0.0001,False
1741430497631,86161.99,6e-05,False
1741430497631,86161.99,6e-05,False
1741430497631,86161.99,6e-05,False
1741430497631,86161.99,6e-05,False
1741430497631,86161.99,6e-05,False
1741430497631,86162.0,0.00021,False
1741430497631,86162.01,7e-05,False
1741430497631,86162.01,7e-05,False
1741430497631,86162.01,6e-05,False
1741430497631,86162.01,6e-05,False
1741430497631,86162.01,7e-05,False
1741430497631,86162.02,0.01007,False
1741430497631,86162.02,6e-05,False
1741430497631,86162.02,6e-05,False
1741430497633,86162.75,6e-05,False
1741430497633,86162.75,6e-05,False
1741430497633,86162.75,0.0001,False
1741430497633,86162.75,6e-05,False
1741430497633,86162.75,0.0001,False
1741430497633,86162.75,6e-05,False
1741430497633,86162.75,6e-05,False
1741430497633,86162.75,6e-05,False
1741430497633,86162.75,6e-05,False
1741430497633,86163.65,7e-05,False
1741430497633,86163.65,6e-05,False
1741430497633,86163.65,6e-05,False
1741430497633,86163.9,7e-05,False
1741430497633,86163.9,7e-05,False
1741430497633,86163.9,5e-05,False
1741430497633,86163.9,1e-05,False
1741430497633,86163.9,7e-05,False
1741430497647,86163.91,6e-05,False
1741430497647,86163.91,6e-05,False
1741430497647,86163.91,0.0001,False
1741430497647,86163.91,0.0001,False
1741430497647,86163.91,6e-05,False
1741430497647,86163.91,0.0001,False
1741430497647,86163.91,6e-05,False
1741430497647,86163.91,6e-05,False
1741430497647,86163.91,6e-05,False
1741430497647,86163.91,6e-05,False
1741430497647,86163.91,6e-05,False
1741430497647,86163.92,0.0001,False
1741430497647,86163.92,6e-05,False
1741430497647,86163.92,6e-05,False
1741430497647,86163.97,6e-05,False
1741430497647,86163.97,6e-05,False
1741430497647,86163.97,0.00015,False
1741430497647,86163.97,0.00015,False
1741430497647,86163.97,0.00015,False
1741430497647,86163.98,6e-05,False
1741430497647,86163.98,6e-05,False
1741430497647,86164.48,6e-05,False
1741430497647,86164.48,6e-05,False
1741430497647,86164.48,6e-05,False
1741430497647,86164.79,7e-05,False
1741430497647,86164.79,7e-05,False
1741430497647,86164.79,6e-05,False
1741430497647,86164.79,7e-05,False
1741430497651,86164.8,0.04,False
1741430497651,86164.8,6e-05,False
1741430497651,86164.8,6e-05,False
1741430497651,86164.8,0.0001,False
1741430497651,86164.8,0.0001,False
1741430497651,86164.8,6e-05,False
1741430497651,86164.8,6e-05,False
1741430497651,86164.8,6e-05,False
1741430497651,86164.8,6e-05,False
1741430497651,86164.8,6e-05,False
1741430497651,86164.8,0.0001,False
1741430497651,86164.8,6e-05,False
1741430497651,86165.35,6e-05,False
1741430497651,86165.35,6e-05,False
1741430497651,86165.35,6e-05,False
1741430497651,86165.51,6e-05,False
1741430497651,86165.51,6e-05,False
1741430497651,86165.51,6e-05,False
1741430497651,86165.52,0.00012,False
1741430497651,86165.52,6e-05,False
1741430497651,86165.52,6e-05,False
1741430497651,86166.08,7e-05,False
1741430497651,86166.08,7e-05,False
1741430497651,86166.08,6e-05,False
1741430497651,86166.08,6e-05,False
1741430497651,86166.08,7e-05,False
1741430497662,86166.09,6e-05,False
1741430497662,86166.09,0.0001,False
1741430497662,86166.09,0.0001,False
1741430497662,86166.09,0.0001,False
1741430497662,86166.09,6e-05,False
1741430497662,86166.09,6e-05,False
1741430497662,86166.09,6e-05,False
1741430497662,86166.09,6e-05,False
1741430497662,86166.09,6e-05,False
1741430497662,86166.09,6e-05,False
1741430497662,86166.1,0.00011,False
1741430497662,86166.22,6e-05,False
1741430497662,86166.22,6e-05,False
1741430497662,86166.22,6e-05,False
1741430497662,86166.34,6e-05,False
1741430497662,86166.34,0.00012,False
1741430497662,86166.34,0.00012,False
1741430497662,86166.34,0.00012,False
1741430497662,86166.35,0.00088,False
1741430497662,86166.35,6e-05,False
1741430497662,86166.35,6e-05,False
1741430497662,86166.36,6e-05,False
1741430497662,86166.36,6e-05,False
1741430497662,86166.36,6e-05,False
1741430497662,86166.93,8e-05,False
1741430497662,86166.99,1e-05,False
1741430497662,86166.99,0.00011,False
1741430497662,86166.99,6e-05,False
1741430497662,86167.08,6e-05,False
1741430497662,86167.08,6e-05,False
1741430497662,86167.28,6e-05,False
1741430497662,86167.45,0.00106,False
1741430497662,86167.59,6e-05,False
1741430497662,86167.59,6e-05,False
1741430497662,86167.95,6e-05,False
1741430497662,86167.99,7e-05,False
1741430497662,86167.99,7e-05,False
1741430497662,86167.99,0.00019,False
1741430497662,86167.99,7e-05,False
1741430497784,86168.0,6e-05,False
1741430497784,86168.0,6e-05,False
1741430497784,86168.0,6e-05,False
1741430497784,86168.0,6e-05,False
1741430497784,86168.0,0.00026,False
1741430498325,86168.0,0.00118,False
1741430498678,86167.99,0.0002,True
1741430498808,86168.0,0.00099,False
1741430499100,86168.0,0.00015,False
1741430499101,86168.0,0.00015,False
1741430499102,86168.0,0.00093,False
1741430499102,86168.0,0.00174,False
1741430499104,86168.0,0.00015,False
1741430499113,86168.0,0.00015,False
1741430499114,86168.0,0.00015,False
1741430499115,86168.0,0.00015,False
1741430499205,86168.0,0.00125,False
1741430499269,86168.0,0.00047,False
1741430499372,86167.99,0.0003,True
1741430499953,86167.99,0.00029,True
1741430500084,86168.0,0.00281,False
1741430500125,86168.0,0.00233,False
1741430500206,86168.0,0.00113,False
1741430500703,86168.0,0.02601,False
1741430500703,86168.0,9e-05,False
1741430500703,86168.0,6e-05,False
1741430500703,86168.0,6e-05,False
1741430500703,86168.0,0.00013,False
1741430500703,86168.0,6e-05,False
1741430500703,86168.0,0.014,False
1741430500703,86168.0,6e-05,False
1741430500703,86168.0,6e-05,False
1741430500703,86168.0,6e-05,False
1741430500703,86168.0,0.02488,False
1741430500909,86168.0,6e-05,False
1741430500934,86168.0,0.00028,False
1741430500934,86168.0,0.0001,False
1741430500934,86168.0,6e-05,False
1741430500934,86168.0,6e-05,False
1741430500934,86168.0,6e-05,False
1741430500934,86168.0,6e-05,False
1741430500934,86168.0,6e-05,False
1741430500934,86168.0,6e-05,False
1741430500934,86168.0,0.0001,False
1741430500934,86168.0,0.0001,False
1741430500934,86168.0,0.0001,False
1741430500934,86168.0,6e-05,False
1741430500934,86168.0,0.00013,False
1741430500934,86168.0,6e-05,False
1741430500934,86168.01,6e-05,False
1741430500934,86168.01,6e-05,False
1741430500934,86168.02,6e-05,False
1741430500934,86168.02,6e-05,False
1741430500934,86168.03,6e-05,False
1741430500934,86168.03,6e-05,False
1741430500934,86168.04,6e-05,False
1741430500934,86168.04,6e-05,False
1741430500934,86168.04,0.00014,False
1741430500934,86168.05,6e-05,False
1741430500934,86168.08,6e-05,False
1741430500934,86168.09,6e-05,False
1741430500934,86168.1,0.00014,False
1741430500934,86168.15,0.00014,False
1741430500934,86168.31,0.0001,False
1741430500934,86168.31,0.0001,False
1741430500934,86168.31,0.0001,False
1741430500934,86168.53,8e-05,False
1741430500934,86168.61,7e-05,False
1741430500934,86168.61,7e-05,False
1741430500934,86168.61,0.0015,False
1741430500934,86168.61,7e-05,False
1741430500948,86168.62,0.04,False
1741430500948,86168.62,0.0001,False
1741430500948,86168.62,0.0001,False
1741430500948,86168.62,0.0001,False
1741430500948,86168.62,6e-05,False
1741430500948,86168.62,6e-05,False
1741430500948,86168.62,6e-05,False
1741430500948,86168.62,6e-05,False
1741430500948,86168.62,6e-05,False
1741430500948,86168.62,6e-05,False
1741430500948,86168.62,6e-05,False
1741430500948,86168.62,6e-05,False
1741430500948,86168.82,6e-05,False
1741430500948,86168.82,6e-05,False
1741430500948,86168.82,6e-05,False
1741430500948,86169.11,6e-05,False
1741430500948,86169.11,6e-05,False
1741430500948,86169.39,6e-05,False
1741430500948,86169.39,6e-05,False
1741430500948,86169.39,6e-05,False
1741430500948,86169.4,0.001,False
1741430500948,86169.4,6e-05,False
1741430500948,86169.4,6e-05,False
1741430500948,86169.68,6e-05,False
1741430500948,86169.68,6e-05,False
1741430500948,86169.7,7e-05,False
1741430500948,86169.7,7e-05,False
1741430500948,86169.7,6e-05,False
1741430500948,86169.7,7e-05,False
1741430500948,86169.71,0.0116,False
1741430500948,86169.71,6e-05,False
1741430500948,86169.93,6e-05,False
1741430500948,86170.55,6e-05,False
1741430500948,86171.99,7e-05,False
1741430500948,86171.99,7e-05,False
1741430500948,86171.99,7e-05,False
1741430500948,86172.0,6e-05,False
1741430500948,86172.0,6e-05,False
1741430501004,86173.0,6e-05,False
1741430501004,86173.0,6e-05,False
1741430501004,86173.0,6e-05,False
1741430501004,86173.0,6e-05,False
1741430501004,86173.0,6e-05,False
1741430501004,86173.0,0.00023,False
1741430501004,86173.0,8e-05,False
1741430501004,86173.0,0.00023,False
1741430501004,86173.0,0.0001,False
1741430501004,86173.0,0.0001,False
1741430501004,86173.0,0.00023,False
1741430501004,86173.0,0.0001,False
1741430501004,86173.0,0.00031,False
1741430501004,86173.0,6e-05,False
1741430501004,86173.0,6e-05,False
1741430501004,86173.0,6e-05,False
1741430501004,86173.01,6e-05,False
1741430501004,86173.01,6e-05,False
1741430501004,86173.03,0.00025,False
1741430501004,86173.09,0.00106,False
1741430501004,86173.09,6e-05,False
1741430501004,86173.15,0.00014,False
1741430501004,86173.99,7e-05,False
1741430501004,86173.99,7e-05,False
1741430501004,86173.99,6e-05,False
1741430501004,86173.99,6e-05,False
1741430501004,86173.99,7e-05,False
1741430501004,86174.0,0.014,False
1741430501004,86174.0,6e-05,False
1741430501004,86174.0,6e-05,False
1741430501004,86174.0,6e-05,False
1741430501004,86174.0,6e-05,False
1741430501004,86174.18,0.00012,False
1741430501004,86174.18,6e-05,False
1741430501121,86174.19,6e-05,False
1741430501121,86174.19,6e-05,False
1741430501121,86174.19,6e-05,False
1741430501121,86174.19,0.0004,False
1741430501755,86174.19,6e-05,False
1741430501755,86174.19,6e-05,False
1741430501755,86174.19,0.00014,False
1741430501755,86174.19,0.0001,False
1741430501755,86174.19,6e-05,False
1741430501755,86174.19,6e-05,False
1741430501755,86174.19,6e-05,False
1741430501755,86174.19,6e-05,False
1741430501755,86174.19,6e-05,False
1741430501755,86174.19,6e-05,False
1741430501755,86174.19,6e-05,False
1741430501755,86174.19,6e-05,False
1741430501755,86174.19,0.0001,False
1741430501755,86174.19,0.0001,False
1741430501755,86174.19,0.0001,False
1741430501755,86174.19,0.00176,False
1741430501755,86174.19,0.01,False
1741430501856,86174.19,0.0001,False
1741430501856,86174.19,0.0001,False
1741430501856,86174.19,0.0001,False
1741430501856,86174.19,6e-05,False
1741430501856,86174.19,6e-05,False
1741430501856,86174.19,6e-05,False
1741430501856,86174.19,6e-05,False
1741430501856,86174.19,6e-05,False
1741430501856,86174.19,6e-05,False
1741430501856,86174.19,6e-05,False
1741430501856,86174.19,0.00013,False
1741430501856,86174.19,6e-05,False
1741430501856,86174.19,6e-05,False
1741430501856,86174.19,6e-05,False
1741430501856,86174.22,6e-05,False
1741430501856,86174.22,6e-05,False
1741430501856,86174.22,6e-05,False
1741430501856,86174.23,6e-05,False
1741430501856,86174.23,6e-05,False
1741430501856,86174.24,0.00014,False
1741430501856,86174.24,6e-05,False
1741430501856,86174.24,6e-05,False
1741430501856,86174.28,6e-05,False
1741430501856,86174.28,6e-05,False
1741430501856,86174.29,6e-05,False
1741430501856,86174.3,0.00014,False
1741430501856,86174.3,6e-05,False
1741430501856,86174.33,6e-05,False
1741430501856,86174.35,0.00013,False
1741430501856,86174.87,7e-05,False
1741430501856,86174.87,7e-05,False
1741430501856,86174.87,7e-05,False
1741430501856,86174.87,7e-05,False
1741430501906,86174.88,0.00639,False
1741430501931,86174.88,0.00521,False
1741430501931,86174.88,0.0001,False
1741430501931,86174.88,6e-05,False
1741430501931,86174.88,0.0001,False
1741430501931,86174.88,0.0001,False
1741430501931,86174.88,6e-05,False
1741430501931,86174.88,6e-05,False
1741430501931,86174.88,6e-05,False
1741430501931,86174.88,6e-05,False
1741430501931,86174.88,6e-05,False
1741430501931,86174.88,6e-05,False
1741430501931,86174.88,0.00639,False
1741430501931,86174.88,6e-05,False
1741430501931,86175.75,6e-05,False
1741430501931,86175.75,6e-05,False
1741430501931,86175.75,6e-05,False
1741430501931,86175.93,6e-05,False
1741430501931,86175.93,6e-05,False
1741430501931,86175.99,0.00012,False
1741430501931,86175.99,6e-05,False
1741430501931,86175.99,6e-05,False
1741430501931,86176.47,7e-05,False
1741430501931,86176.47,7e-05,False
1741430501931,86176.47,6e-05,False
1741430501931,86176.47,6e-05,False
1741430501931,86176.47,0.00012,False
1741430501931,86176.47,0.00012,False
1741430501931,86176.47,0.00012,False
1741430501931,86176.47,7e-05,False
1741430502215,86176.47,0.00039,True
1741430502324,86176.47,8e-05,True
1741430502457,86176.47,0.0001,True
1741430503108,86176.48,0.00148,False
1741430503137,86176.47,0.00237,True
1741430503200,86176.48,6e-05,False
1741430503325,86176.47,0.00583,True
1741430503325,86176.47,0.00195,True
1741430504520,86176.48,0.06515,False
1741430504696,86176.47,0.0002,True
1741430504820,86176.47,0.00642,True
1741430504894,86176.48,0.00021,False
1741430505565,86176.47,0.00096,True
1741430505784,86176.48,0.00256,False
1741430505784,86176.48,6e-05,False
1741430505784,86176.48,0.00013,False
1741430505784,86176.48,6e-05,False
1741430505784,86176.48,0.01651,False
1741430506187,86176.48,0.0001,False
1741430506401,86176.48,8e-05,False
1741430506415,86176.47,0.00776,True
1741430507254,86176.47,0.00386,True
1741430508686,86176.48,0.00014,False
1741430508712,86176.48,0.00011,False
1741430508718,86176.47,0.0002,True
1741430508872,86176.47,0.00057,True
1741430508951,86176.47,0.00023,True
1741430509184,86176.47,0.00015,True
1741430510011,86176.48,0.00048,False
1741430510156,86176.48,0.00012,False
1741430510703,86176.48,6e-05,False
1741430510703,86176.48,0.05759,False
1741430511108,86176.48,0.0001,False
1741430511108,86176.48,6e-05,False
1741430511108,86176.48,0.00026,False
1741430511572,86176.47,0.01887,True
1741430511880,86176.48,6e-05,False
1741430512599,86176.48,0.01968,False
1741430512599,86176.48,6e-05,False
1741430512599,86176.48,6e-05,False
1741430512599,86176.48,0.04,False
1741430512599,86176.48,0.00013,False
1741430512599,86176.48,6e-05,False
1741430512599,86176.48,6e-05,False
1741430512599,86176.48,0.0003,False
1741430512599,86176.48,0.0001,False
1741430512599,86176.48,0.0001,False
1741430512599,86176.48,0.0001,False
1741430512599,86176.48,6e-05,False
1741430512599,86176.48,6e-05,False
1741430512599,86176.49,6e-05,False
1741430512599,86176.49,6e-05,False
1741430512599,86176.5,6e-05,False
1741430512599,86176.5,6e-05,False
1741430512599,86176.51,0.00012,False
1741430512599,86176.51,6e-05,False
1741430512599,86176.51,6e-05,False
1741430512599,86176.52,6e-05,False
1741430512599,86176.52,6e-05,False
1741430512599,86176.53,6e-05,False
1741430512599,86176.57,6e-05,False
1741430512599,86176.58,6e-05,False
1741430512599,86176.59,0.00014,False
1741430512599,86176.63,0.00014,False
1741430512599,86178.16,6e-05,False
1741430512599,86178.17,0.00021,False
1741430512599,86178.18,8e-05,False
1741430512599,86178.18,8e-05,False
1741430512599,86178.18,8e-05,False
1741430512599,86178.18,7e-05,False
1741430512599,86178.18,7e-05,False
1741430512599,86178.18,7e-05,False
1741430512599,86178.19,0.00012,False
1741430512599,86178.19,0.0116,False
1741430512602,86178.35,6e-05,False
1741430512602,86178.35,6e-05,False
1741430512602,86178.35,6e-05,False
1741430512602,86178.73,0.00105,False
1741430512602,86179.3,0.001,False
1741430512602,86179.51,0.00013,False
1741430512602,86179.98,0.0002,False
1741430512602,86179.99,7e-05,False
1741430512602,86179.99,7e-05,False
1741430512602,86179.99,7e-05,False
1741430513653,86180.0,0.00034,False
1741430513709,86180.0,0.00015,False
1741430513712,86180.0,0.00015,False
1741430513712,86180.0,0.00015,False
1741430513808,86180.0,0.00014,False
1741430513865,86180.0,0.00055,False
1741430514032,86180.0,0.00072,False
1741430514233,86179.99,0.00277,True
1741430515014,86180.0,6e-05,False
1741430515703,86180.0,0.02095,False
1741430515703,86180.0,6e-05,False
1741430515703,86180.0,0.04548,False
1741430516059,86180.0,0.00021,False
1741430516108,86179.99,0.00206,True
1741430517144,86180.0,0.00174,False
1741430517477,86180.0,0.00027,False
1741430518671,86180.0,0.00025,False
1741430518862,86180.0,0.00058,False
1741430518903,86179.99,0.00025,True
1741430520246,86180.0,0.0002,False
1741430520746,86180.0,0.00116,False
1741430520802,86179.99,0.00058,True
1741430520874,86180.0,0.00021,False
1741430521232,86180.0,0.00046,False
1741430521378,86179.99,0.00024,True
1741430521379,86179.99,0.00024,True
1741430521565,86180.0,0.01221,False
1741430521748,86179.99,0.0002,True
1741430522159,86180.0,0.00168,False
1741430522230,86180.0,0.00061,False
1741430522287,86180.0,0.00025,False
1741430522523,86180.0,0.00015,False
1741430522536,86180.0,0.00015,False
1741430522541,86180.0,0.00015,False
1741430522547,86180.0,0.00015,False
1741430522548,86180.0,0.00015,False
1741430522549,86180.0,0.00015,False
1741430522550,86180.0,0.00015,False
1741430522553,86180.0,0.00015,False
1741430522556,86180.0,0.00015,False
1741430522558,86180.0,0.00015,False
1741430522559,86180.0,0.00015,False
1741430522562,86180.0,0.00015,False
1741430522562,86180.0,0.00015,False
1741430522564,86180.0,0.00015,False
1741430522565,86180.0,0.00015,False
1741430522566,86180.0,0.00015,False
1741430522568,86180.0,0.00015,False
1741430522575,86180.0,0.00015,False
1741430522577,86180.0,0.00015,False
1741430522582,86180.0,0.00015,False
1741430522586,86180.0,0.00015,False
1741430522588,86180.0,0.00015,False
1741430522589,86180.0,0.00015,False
1741430522590,86180.0,0.00015,False
1741430522590,86180.0,0.00015,False
1741430522590,86180.0,0.00015,False
1741430522592,86180.0,0.00015,False
1741430522593,86180.0,0.00015,False
1741430522594,86180.0,0.00015,False
1741430522596,86180.0,0.00015,False
1741430522597,86180.0,0.00015,False
1741430522598,86180.0,0.00015,False
1741430522598,86180.0,0.00015,False
1741430522598,86180.0,0.00015,False
1741430522598,86180.0,0.00015,False
1741430522599,86180.0,0.00015,False
1741430522600,86180.0,0.00015,False
1741430522601,86180.0,6e-05,False
1741430522601,86180.0,0.00015,False
1741430522602,86180.0,0.00015,False
1741430522603,86180.0,0.00015,False
1741430522604,86180.0,0.00015,False
1741430522605,86180.0,0.00015,False
1741430522605,86180.0,0.00015,False
1741430522608,86180.0,0.00015,False
1741430522611,86180.0,0.00015,False
1741430522627,86180.0,0.00015,False
1741430522628,86180.0,0.00015,False
1741430522629,86180.0,0.00015,False
1741430522635,86180.0,0.00015,False
1741430523040,86180.0,0.00144,False
1741430523132,86180.0,0.00033,False
1741430524411,86179.99,0.0002,True
1741430524670,86180.0,0.001,False
1741430525703,86180.0,0.08174,False
1741430526474,86180.0,0.00011,False
1741430527603,86180.0,0.00316,False
1741430527675,86180.0,0.00045,False
1741430527719,86180.0,0.00024,False
1741430528728,86180.0,0.00677,False
1741430529699,86180.0,0.0001,False
1741430530352,86180.0,0.0116,False
1741430531194,86180.0,0.00031,False
1741430531380,86179.99,0.00112,True
1741430531489,86179.99,0.00112,True
1741430531609,86179.99,0.00112,True
1741430531674,86180.0,0.00011,False
1741430531715,86179.99,0.00112,True
1741430531833,86179.99,0.00112,True
1741430532625,86180.0,6e-05,False
1741430532646,86179.99,0.0001,True
1741430533097,86180.0,0.00179,False
1741430533369,86179.99,0.00206,True
1741430533475,86180.0,0.00334,False
1741430533720,86179.99,0.00139,True
1741430533884,86180.0,0.00105,False
1741430533974,86180.0,0.0053,False
1741430534123,86180.0,0.00046,False
1741430534327,86180.0,0.00063,False
1741430535314,86180.0,0.00199,False
1741430535509,86180.0,0.01239,False
1741430536032,86180.0,0.00061,False
1741430536457,86180.0,6e-05,False
1741430536655,86179.99,0.00094,True
1741430537048,86180.0,0.00011,False
1741430537565,86179.99,0.00105,True
1741430538164,86179.99,0.00013,True
1741430538245,86180.0,0.00012,False
1741430539713,86180.0,5e-05,False
1741430539744,86180.0,0.02484,False
1741430540046,86180.0,0.00031,False
1741430540703,86180.0,0.01451,False
1741430540703,86180.0,6e-05,False
1741430540703,86180.0,0.00014,False
1741430540703,86180.0,6e-05,False
1741430540703,86180.0,6e-05,False
1741430540703,86180.0,6e-05,False
1741430540703,86180.0,6e-05,False
1741430540703,86180.0,6e-05,False
1741430540703,86180.0,0.01753,False
1741430540703,86180.0,0.03985,False
1741430540874,86180.0,0.03554,False
1741430540974,86180.0,0.01339,False
1741430541028,86179.99,0.00381,True
1741430541185,86180.0,0.00047,False
1741430541459,86180.0,0.00026,False
1741430541545,86180.0,0.00129,False
1741430542177,86179.99,0.0001,True
1741430542790,86180.0,8e-05,False
1741430542913,86179.99,0.00024,True
1741430542915,86180.0,0.00023,False
1741430543009,86179.99,0.00428,True
1741430543514,86180.0,0.01044,False
1741430543704,86180.0,0.0001,False
1741430544415,86180.0,0.00105,False
1741430544421,86180.0,0.00011,False
1741430544596,86180.0,0.00011,False
1741430544985,86180.0,0.00213,False
1741430545282,86180.0,0.01072,False
1741430545703,86180.0,0.04853,False
1741430545703,86180.0,6e-05,False
1741430545703,86180.0,8e-05,False
1741430545703,86180.0,0.00328,False
1741430546905,86180.0,0.0004,False
1741430547063,86179.99,0.00105,True
1741430547071,86180.0,0.00139,False
1741430547855,86180.0,0.00017,False
1741430548108,86180.0,8e-05,False
1741430548478,86180.0,0.00031,False
1741430549017,86180.0,0.00017,False
1741430550935,86180.0,6e-05,False
1741430552058,86180.0,0.00013,False
1741430552672,86180.0,9e-05,False
1741430552672,86180.0,0.00086,False
1741430552672,86180.0,0.00079,False
1741430555581,86180.0,8e-05,False
1741430555703,86180.0,0.00162,False
1741430555703,86180.0,0.00013,False
1741430555703,86180.0,0.00077,False
1741430555703,86180.0,0.00175,False
1741430555703,86180.0,0.01167,False
1741430555703,86180.0,6e-05,False
1741430555703,86180.0,6e-05,False
1741430555703,86180.0,6e-05,False
1741430555703,86180.0,6e-05,False
1741430555703,86180.0,6e-05,False
1741430555703,86180.0,6e-05,False
1741430555703,86180.0,0.04,False
1741430555703,86180.0,0.00013,False
1741430555703,86180.0,0.0015,False
1741430555703,86180.0,0.00286,False
1741430555703,86180.0,0.00028,False
1741430555703,86180.0,6e-05,False
1741430555703,86180.0,8e-05,False
1741430555703,86180.0,0.0001,False
1741430555703,86180.0,0.0001,False
1741430555703,86180.0,0.00474,False
1741430555703,86180.0,0.0014,False
1741430555703,86180.0,0.0001,False
1741430555703,86180.0,0.0001,False
1741430555703,86180.0,0.00021,False
1741430555703,86180.0,0.0001,False
1741430555703,86180.0,0.0001,False
1741430555703,86180.0,0.0001,False
1741430555703,86180.0,0.0001,False
1741430555703,86180.0,0.0001,False
1741430555703,86180.0,0.00696,False
1741430555703,86180.01,6e-05,False
1741430555703,86180.01,6e-05,False
1741430555703,86180.02,6e-05,False
1741430555703,86180.02,6e-05,False
1741430555703,86180.03,0.00017,False
1741430555703,86180.03,6e-05,False
1741430555703,86180.03,6e-05,False
1741430555703,86180.04,6e-05,False
1741430555703,86180.04,6e-05,False
1741430555703,86180.05,6e-05,False
1741430555703,86180.06,6e-05,False
1741430555703,86180.07,6e-05,False
1741430555703,86180.08,6e-05,False
1741430555703,86180.1,0.00013,False
1741430555703,86180.15,0.00013,False
1741430555703,86180.46,7e-05,False
1741430555703,86181.02,7e-05,False
1741430555703,86181.02,0.00014,False
1741430555703,86181.02,0.00014,False
1741430555703,86181.02,0.00014,False
1741430555703,86181.7,7e-05,False
1741430555703,86181.7,7e-05,False
1741430555703,86181.7,7e-05,False
1741430555703,86181.71,0.00523,False
1741430556056,86181.71,0.00082,False
1741430556098,86181.7,0.00638,True
1741430557040,86181.71,0.00025,False
1741430557283,86181.7,0.00999,True
1741430557294,86181.71,0.00058,False
1741430557603,86181.71,0.00326,False
1741430557759,86181.7,0.02533,True
1741430557862,86181.71,0.00016,False
1741430558057,86181.71,0.00092,False
1741430558107,86181.71,0.00011,False
1741430558286,86181.71,0.00024,False
1741430558463,86181.71,3e-05,False
1741430558463,86181.71,6e-05,False
1741430558463,86181.71,0.0001,False
1741430558463,86181.71,0.00019,False
1741430558493,86181.71,0.00168,False
1741430559748,86181.71,0.00152,False
1741430559814,86181.71,0.00061,False
1741430560314,86181.71,0.00397,False
1741430560935,86181.71,6e-05,False
1741430561150,86181.71,0.07197,False
1741430561150,86181.71,6e-05,False
1741430561150,86181.71,6e-05,False
1741430561150,86181.71,0.00239,False
1741430561237,86181.7,0.0002,True
1741430561782,86181.7,0.00891,True
1741430561808,86181.71,8e-05,False
1741430561942,86181.71,9e-05,False
1741430562449,86181.71,0.00177,False
1741430563100,86181.71,9e-05,False
1741430564332,86181.71,0.0008,False
1741430564504,86181.7,0.0002,True
1741430564561,86181.71,1e-05,False
1741430564561,86181.71,6e-05,False
1741430564561,86181.71,6e-05,False
1741430564561,86181.71,1e-05,False
1741430565061,86181.71,5e-05,False
1741430565061,86181.71,0.00014,False
1741430565061,86181.71,0.00082,False
1741430565245,86181.7,0.01051,True
1741430565399,86181.71,0.00012,False
1741430565703,86181.71,0.00397,False
1741430565703,86181.71,6e-05,False
1741430565703,86181.71,6e-05,False
1741430565703,86181.71,6e-05,False
1741430565703,86181.71,0.05527,False
1741430565927,86181.7,0.00024,True
1741430566384,86181.71,0.00082,False
1741430566685,86181.7,0.00029,True
1741430567149,86181.7,0.00016,True
1741430567230,86181.71,0.00026,False
1741430567866,86181.71,0.00011,False
1741430567982,86181.7,0.00023,True
1741430568643,86181.7,0.00014,True
1741430568995,86181.7,0.00027,True
1741430569396,86181.7,0.00021,True
1741430569554,86181.71,0.00025,False
1741430569672,86181.71,0.00038,False
1741430570068,86181.71,0.00023,False
1741430570302,86181.71,0.00049,False
1741430570893,86181.71,0.00105,False
1741430570893,86181.71,0.0006,False
1741430570895,86181.71,0.00165,False
1741430570897,86181.71,0.00075,False
1741430570898,86181.71,0.00075,False
1741430570898,86181.71,0.00075,False
1741430570898,86181.71,0.00075,False
1741430570899,86181.71,0.00165,False
1741430570900,86181.71,0.00075,False
1741430570900,86181.71,0.00075,False
1741430571015,86181.71,0.00017,False
1741430571363,86181.71,0.00014,False
1741430571948,86181.7,0.00092,True
1741430571979,86181.7,0.00184,True
1741430572065,86181.7,0.00093,True
1741430572128,86181.7,0.00184,True
1741430572148,86181.71,0.00235,False
1741430572235,86181.71,0.00015,False
1741430572299,86181.71,0.00065,False
1741430572398,86181.7,0.00094,True
1741430572516,86181.7,0.00094,True
1741430572701,86181.7,0.00094,True
1741430572736,86181.7,0.00093,True
1741430572792,86181.7,0.00184,True
1741430572812,86181.71,8e-05,False
1741430573966,86181.71,0.00019,False
1741430573997,86181.71,0.00019,False
1741430574085,86181.71,0.00019,False
1741430574155,86181.71,0.00019,False
1741430574262,86181.71,0.0673,False
1741430574262,86181.71,0.00019,False
1741430574262,86181.71,0.00393,False
1741430574262,86181.71,6e-05,False
1741430574262,86181.71,0.00666,False
1741430574262,86181.71,6e-05,False
1741430574262,86181.71,6e-05,False
1741430574262,86181.71,6e-05,False
1741430574262,86181.71,0.00013,False
1741430574262,86181.71,0.00028,False
1741430574262,86181.71,6e-05,False
1741430574262,86181.71,6e-05,False
1741430574262,86181.71,0.00767,False
1741430574262,86181.71,0.0001,False
1741430574262,86181.71,0.0001,False
1741430574262,86181.71,0.0001,False
1741430574262,86181.71,0.00386,False
1741430574262,86181.71,0.1324,False
1741430574262,86181.71,0.0849,False
1741430574262,86181.71,0.0735,False
1741430574262,86181.71,0.00085,False
1741430574262,86181.71,0.00696,False
1741430574262,86181.71,0.00084,False
1741430574262,86181.72,6e-05,False
1741430574262,86181.72,6e-05,False
1741430574262,86181.73,6e-05,False
1741430574262,86181.73,6e-05,False
1741430574262,86181.74,9e-05,False
1741430574262,86181.74,6e-05,False
1741430574262,86181.74,6e-05,False
1741430574262,86181.75,6e-05,False
1741430574262,86181.75,6e-05,False
1741430574262,86181.75,0.00014,False
1741430574262,86181.76,6e-05,False
1741430574262,86181.77,6e-05,False
1741430574262,86181.78,6e-05,False
1741430574262,86181.8,0.00014,False
1741430574262,86181.84,0.00013,False
1741430574262,86181.99,6e-05,False
1741430574262,86181.99,7e-05,False
1741430574262,86181.99,7e-05,False
1741430574262,86181.99,6e-05,False
1741430574262,86181.99,7e-05,False
1741430574262,86182.0,0.0186,False
1741430574262,86182.0,6e-05,False
1741430574262,86182.0,6e-05,False
1741430574262,86182.02,7e-05,False
1741430574262,86182.02,7e-05,False
1741430574262,86182.02,7e-05,False
1741430574262,86182.03,0.01391,False
1741430574262,86182.23,8e-05,False
1741430574262,86182.68,6e-05,False
1741430574262,86184.33,0.00106,False
1741430574262,86184.92,7e-05,False
1741430574262,86184.92,7e-05,False
1741430574262,86184.92,7e-05,False
1741430574262,86184.93,0.06304,False
1741430574262,86184.93,0.09357,False
1741430574264,86184.92,0.05804,True
1741430574307,86184.93,0.00075,False
1741430574419,86184.93,0.00019,False
1741430574535,86184.93,0.00019,False
1741430574722,86184.93,0.00019,False
1741430574752,86184.93,0.00018,False
1741430574811,86184.93,0.00019,False
1741430575703,86184.93,0.03831,False
1741430575703,86184.93,0.02,False
1741430575703,86184.93,0.01451,False
1741430575742,86184.92,0.06289,True
1741430575742,86184.92,0.12093,True
1741430575742,86184.92,0.464,True
1741430575742,86184.92,0.01161,True
1741430575742,86184.92,0.01675,True
1741430575742,86184.92,0.08273,True
1741430575742,86184.92,0.0908,True
1741430575742,86184.92,0.15029,True
1741430576760,86184.93,7e-05,False
1741430576826,86184.93,7e-05,False
1741430576875,86184.93,0.00043,False
1741430577795,86184.93,0.00068,False
1741430578335,86184.92,0.00443,True
1741430578794,86184.93,0.00015,False
1741430578938,86184.93,0.00015,False
1741430579286,86184.93,0.00166,False
1741430580073,86184.93,0.00405,False
1741430580300,86184.93,0.00014,False
1741430580351,86184.93,9e-05,False
1741430580369,86184.93,0.00034,False
1741430580392,86184.93,0.00015,False
1741430580471,86184.92,0.0001,True
1741430580911,86184.93,0.00148,False
1741430580996,86184.92,0.19728,True
1741430580996,86184.92,0.0968,True
1741430580996,86184.92,0.00275,True
1741430580996,86184.92,0.41202,True
1741430580996,86184.92,0.2336,True
1741430580996,86184.92,0.65195,True
1741430580996,86184.92,0.0256,True
1741430580996,86184.92,0.05846,True
1741430580996,86184.92,6e-05,True
1741430580996,86184.92,0.0007,True
1741430580996,86184.92,0.00284,True
1741430580996,86184.92,0.10174,True
1741430580996,86184.92,0.05475,True
1741430580996,86184.92,0.00504,True
1741430580996,86184.92,0.00085,True
1741430580996,86184.92,0.00014,True
1741430580996,86184.92,0.00088,True
1741430580996,86184.92,0.00084,True
1741430580996,86184.92,0.3483,True
1741430580996,86184.92,0.0001,True
1741430580996,86184.92,0.00222,True
1741430580996,86184.92,0.00048,True
1741430580996,86184.92,0.00058,True
1741430580996,86184.92,0.10585,True
1741430580996,86184.92,6e-05,True
1741430580996,86184.92,0.00658,True
1741430580996,86184.92,0.00592,True
1741430580996,86184.92,0.00323,True
1741430580996,86184.92,0.0019,True
1741430580996,86184.92,0.00413,True
1741430580996,86184.92,0.00102,True
1741430580996,86184.92,6e-05,True
1741430580996,86184.91,6e-05,True
1741430580996,86184.9,6e-05,True
1741430580996,86184.9,0.00013,True
1741430580996,86184.9,0.00014,True
1741430580996,86184.89,6e-05,True
1741430580996,86184.88,6e-05,True
1741430580996,86184.86,8e-05,True
1741430580996,86184.86,6e-05,True
1741430580996,86184.49,7e-05,True
1741430580996,86184.49,7e-05,True
1741430580996,86184.49,6e-05,True
1741430580996,86184.49,7e-05,True
1741430580996,86184.48,0.34795,True
1741430580996,86184.48,6e-05,True
1741430580996,86184.0,0.014,True
1741430580996,86183.39,0.01011,True
1741430580996,86183.21,0.0116,True
1741430580996,86182.69,6e-05,True
1741430580996,86181.82,0.01007,True
1741430580996,86181.71,6e-05,True
1741430580996,86181.71,0.00143,True
1741430580996,86181.71,0.00021,True
1741430580996,86181.71,6e-05,True
1741430580996,86181.7,0.02076,True
1741430580996,86181.7,0.00014,True
1741430580996,86181.7,0.03903,True
1741430580996,86181.7,0.01907,True
1741430580996,86181.7,0.00015,True
1741430580996,86181.7,0.05209,True
1741430580996,86181.7,0.01513,True
1741430580996,86181.7,0.0089,True
1741430580996,86181.7,0.00335,True
1741430580996,86181.7,0.00014,True
1741430580996,86181.7,6e-05,True
1741430580996,86181.7,0.00049,True
1741430580996,86181.7,0.02076,True
1741430580996,86181.7,0.01907,True
1741430580996,86181.7,0.01513,True
1741430580996,86181.7,0.00146,True
1741430580996,86181.7,6e-05,True
1741430580996,86181.7,0.02076,True
1741430580996,86181.7,0.01907,True
1741430580996,86181.7,0.01513,True
1741430580996,86181.7,0.02076,True
1741430580996,86181.7,0.01907,True
1741430580996,86181.7,0.01513,True
1741430580996,86181.7,0.02076,True
1741430580996,86181.7,0.01907,True
1741430580996,86181.7,0.01513,True
1741430580996,86181.7,0.02076,True
1741430580996,86181.7,0.01907,True
1741430580996,86181.7,0.01513,True
1741430580996,86181.7,0.02076,True
1741430580996,86181.7,0.01907,True
1741430580996,86181.7,0.01513,True
1741430580996,86181.7,0.02076,True
1741430580996,86181.7,0.01907,True
1741430580996,86181.7,0.01513,True
1741430580996,86181.7,0.02076,True
1741430580996,86181.7,0.01907,True
1741430580996,86181.7,0.01513,True
1741430580996,86181.7,0.02071,True
1741430580996,86181.7,0.01904,True
1741430580996,86181.7,0.01511,True
1741430580996,86181.56,0.04187,True
1741430580996,86181.56,6e-05,True
1741430580996,86181.56,6e-05,True
1741430580996,86181.53,0.01013,True
1741430580996,86181.41,0.04752,True
1741430580999,86180.28,0.03357,True
1741430580999,86180.28,0.0254,True
1741430580999,86180.28,6e-05,True
1741430580999,86180.28,6e-05,True
1741430580999,86180.01,7e-05,True
1741430580999,86180.01,7e-05,True
1741430580999,86180.01,7e-05,True
1741430580999,86180.0,0.03655,True
1741430580999,86180.0,6e-05,True
1741430580999,86180.0,6e-05,True
1741430580999,86179.99,0.0058,True
1741430580999,86179.99,0.00015,True
1741430580999,86179.99,0.00012,True
1741430580999,86179.99,0.00013,True
1741430580999,86179.29,0.16838,True
1741430581006,86179.3,7e-05,True
1741430581006,86179.3,7e-05,True
1741430581006,86179.3,7e-05,True
1741430581006,86179.29,6e-05,True
1741430581006,86179.29,6e-05,True
1741430581007,86179.27,7e-05,True
1741430581007,86179.27,6e-05,True
1741430581007,86179.27,7e-05,True
1741430581007,86179.27,6e-05,True
1741430581007,86179.27,7e-05,True
1741430581049,86179.26,6e-05,True
1741430581049,86179.26,0.003,True
1741430581049,86179.26,0.0001,True
1741430581049,86179.26,0.0001,True
1741430581049,86179.26,0.0001,True
1741430581049,86179.26,6e-05,True
1741430581049,86179.26,6e-05,True
1741430581049,86179.26,6e-05,True
1741430581049,86179.26,6e-05,True
1741430581049,86179.26,6e-05,True
1741430581049,86179.26,0.00908,True
1741430581049,86179.26,0.01,True
1741430581058,86179.26,6e-05,True
1741430581059,86179.26,6e-05,True
1741430581061,86179.26,0.02816,True
1741430581061,86179.26,0.00238,True
1741430581062,86179.26,0.003,True
1741430581062,86179.26,0.003,True
1741430581064,86179.26,0.06023,True
1741430581064,86179.26,6e-05,True
1741430581064,86179.26,0.00013,True
1741430581064,86179.26,6e-05,True
1741430581064,86179.26,6e-05,True
1741430581064,86179.26,0.0001,True
1741430581064,86179.26,0.0001,True
1741430581064,86179.26,0.0001,True
1741430581064,86179.26,6e-05,True
1741430581064,86179.26,6e-05,True
1741430581064,86179.26,6e-05,True
1741430581064,86179.26,6e-05,True
1741430581064,86179.23,0.00012,True
1741430581064,86179.23,0.00014,True
1741430581064,86179.23,6e-05,True
1741430581064,86179.23,6e-05,True
1741430581064,86179.15,0.00013,True
1741430581064,86179.15,6e-05,True
1741430581064,86179.15,6e-05,True
1741430581064,86179.14,7e-05,True
1741430581064,86179.14,7e-05,True
1741430581064,86179.14,6e-05,True
1741430581064,86179.14,6e-05,True
1741430581064,86179.14,7e-05,True
1741430581064,86179.13,0.00462,True
1741430581064,86179.13,6e-05,True
1741430581064,86179.13,6e-05,True
1741430581064,86179.03,0.00112,True
1741430581064,86179.03,6e-05,True
1741430581064,86178.62,0.00011,True
1741430581064,86178.62,0.00011,True
1741430581064,86178.62,0.00011,True
1741430581064,86178.62,6e-05,True
1741430581064,86178.61,6e-05,True
1741430581064,86178.29,7e-05,True
1741430581064,86178.29,7e-05,True
1741430581064,86178.29,7e-05,True
1741430581064,86178.28,0.0116,True
1741430581067,86176.48,0.00026,True
1741430581067,86176.48,0.00112,True
1741430581067,86176.48,7e-05,True
1741430581067,86176.48,7e-05,True
1741430581067,86176.48,8e-05,True
1741430581067,86176.48,8e-05,True
1741430581067,86176.48,6e-05,True
1741430581067,86176.48,7e-05,True
1741430581067,86176.48,6e-05,True
1741430581067,86176.47,0.00033,True
1741430581067,86176.47,6e-05,True
1741430581067,86176.47,0.02894,True
1741430581070,86176.47,7e-05,True
1741430581070,86176.47,6e-05,True
1741430581070,86176.47,6e-05,True
1741430581070,86176.47,6e-05,True
1741430581070,86176.47,6e-05,True
1741430581070,86176.31,7e-05,True
1741430581070,86176.31,7e-05,True
1741430581070,86176.31,7e-05,True
1741430581070,86176.3,0.003,True
1741430581070,86176.3,6e-05,True
1741430581070,86176.3,6e-05,True
1741430581070,86176.01,7e-05,True
1741430581070,86176.01,7e-05,True
1741430581070,86176.01,6e-05,True
1741430581070,86176.01,7e-05,True
1741430581070,86176.0,6e-05,True
1741430581070,86176.0,6e-05,True
1741430581070,86176.0,6e-05,True
1741430581070,86176.0,6e-05,True
1741430581072,86175.01,9e-05,True
1741430581072,86175.01,6e-05,True
1741430581072,86175.01,6e-05,True
1741430581072,86174.91,0.00169,True
1741430581073,86174.91,0.00281,True
1741430581073,86174.76,7e-05,True
1741430581073,86174.76,7e-05,True
1741430581073,86174.76,7e-05,True
1741430581073,86174.75,0.01025,True
1741430581073,86174.75,6e-05,True
1741430581073,86174.75,0.003,True
1741430581074,86174.19,0.00041,True
1741430581074,86174.19,6e-05,True
1741430581074,86174.17,0.00012,True
1741430581074,86174.17,6e-05,True
1741430581074,86174.01,7e-05,True
1741430581074,86174.01,7e-05,True
1741430581074,86174.01,7e-05,True
1741430581074,86173.94,9e-05,True
1741430581074,86173.94,0.0001,True
1741430581074,86173.93,6e-05,True
1741430581074,86173.93,6e-05,True
1741430581077,86173.31,0.0001,True
1741430581077,86173.31,0.00011,True
1741430581077,86172.6,6e-05,True
1741430581077,86172.01,7e-05,True
1741430581077,86172.01,7e-05,True
1741430581118,86172.01,0.0001,True
1741430581118,86172.01,6e-05,True
1741430581118,86172.01,6e-05,True
1741430581118,86172.01,6e-05,True
1741430581118,86172.01,6e-05,True
1741430581118,86172.01,6e-05,True
1741430581118,86172.01,6e-05,True
1741430581118,86172.01,6e-05,True
1741430581118,86172.01,6e-05,True
1741430581118,86172.01,6e-05,True
1741430581118,86172.01,0.00033,True
1741430581118,86172.01,6e-05,True
1741430581118,86172.01,0.00033,True
1741430581118,86172.01,0.00033,True
1741430581118,86172.01,0.0001,True
1741430581118,86172.01,6e-05,True
1741430581118,86172.01,0.0001,True
1741430581118,86172.01,0.0001,True
1741430581118,86172.01,0.0001,True
1741430581118,86172.01,6e-05,True
1741430581118,86172.0,6e-05,True
1741430581118,86172.0,6e-05,True
1741430581118,86171.98,0.00036,True
1741430581118,86171.98,6e-05,True
1741430581118,86171.98,6e-05,True
1741430581118,86171.9,7e-05,True
1741430581118,86171.9,7e-05,True
1741430581118,86171.9,6e-05,True
1741430581118,86171.9,7e-05,True
1741430581118,86171.89,0.0116,True
1741430581118,86171.89,6e-05,True
1741430581118,86171.43,6e-05,True
1741430581118,86171.43,6e-05,True
1741430581118,86171.13,7e-05,True
1741430581118,86171.13,7e-05,True
1741430581118,86171.13,6e-05,True
1741430581118,86171.13,7e-05,True
1741430581118,86171.12,0.00439,True
1741430581118,86171.12,6e-05,True
1741430581118,86170.63,7e-05,True
1741430581118,86170.63,7e-05,True
1741430581118,86170.63,6e-05,True
1741430581118,86170.63,7e-05,True
1741430581118,86170.62,0.00699,True
1741430581118,86170.62,6e-05,True
1741430581118,86170.56,6e-05,True
1741430581118,86170.25,7e-05,True
1741430581118,86170.25,7e-05,True
1741430581118,86170.25,7e-05,True
1741430581118,86170.24,0.00993,True
1741430581118,86170.2,7e-05,True
1741430581118,86170.01,0.00011,True
1741430581118,86170.01,7e-05,True
1741430581118,86170.01,7e-05,True
1741430581118,86170.01,7e-05,True
1741430581118,86170.0,0.02026,True
1741430581118,86170.0,6e-05,True
1741430581118,86170.0,6e-05,True
1741430581118,86169.69,6e-05,True
1741430581118,86169.24,0.00012,True
1741430581118,86169.0,0.0021,True
1741430581118,86168.63,0.01305,True
1741430581118,86168.36,0.00385,True
1741430581118,86168.0,0.00295,True
1741430581140,86168.0,0.00012,False
1741430581140,86168.0,3e-05,False
1741430581147,86168.0,0.00015,False
1741430581149,86168.0,0.00015,False
1741430581149,86168.0,0.00015,False
1741430581153,86168.0,0.00015,False
1741430581153,86168.0,0.00015,False
1741430581154,86168.0,0.00015,False
1741430581156,86168.0,0.00015,False
1741430581157,86168.0,0.00015,False
1741430581160,86168.0,0.00015,False
1741430581160,86168.0,0.00015,False
1741430581164,86168.0,0.00015,False
1741430581165,86168.0,0.00015,False
1741430581168,86168.0,0.00015,False
1741430581170,86168.0,0.00015,False
1741430581171,86168.0,0.00015,False
1741430581172,86168.0,0.00015,False
1741430581173,86168.0,0.00015,False
1741430581173,86168.0,0.00015,False
1741430581175,86168.0,0.00034,False
1741430581181,86168.0,0.00015,False
1741430581181,86168.0,0.00015,False
1741430581184,86168.0,0.00015,False
1741430581192,86167.99,0.00666,True
1741430581195,86168.0,0.00015,False
1741430581195,86167.99,0.0001,True
1741430581195,86167.99,0.0001,True
1741430581195,86167.99,0.0001,True
1741430581195,86167.99,6e-05,True
1741430581195,86167.99,6e-05,True
1741430581195,86167.99,6e-05,True
1741430581195,86167.99,6e-05,True
1741430581195,86167.99,6e-05,True
1741430581195,86167.99,6e-05,True
1741430581195,86167.99,6e-05,True
1741430581195,86167.99,6e-05,True
1741430581195,86167.96,6e-05,True
1741430581195,86167.96,0.0002,True
1741430581195,86167.96,6e-05,True
1741430581195,86167.96,6e-05,True
1741430581195,86167.43,7e-05,True
1741430581195,86167.43,7e-05,True
1741430581195,86167.43,0.00023,True
1741430581195,86167.43,0.00023,True
1741430581195,86167.43,6e-05,True
1741430581195,86167.43,0.00023,True
1741430581195,86167.43,6e-05,True
1741430581195,86167.43,7e-05,True
1741430581196,86167.43,0.00116,False
1741430581197,86167.43,0.00015,False
1741430581198,86167.43,0.00015,False
1741430581201,86167.43,0.00015,False
1741430581205,86167.43,0.00015,False
1741430581220,86167.42,0.0002,True
1741430581260,86167.43,0.00175,False
1741430581340,86167.42,0.00021,True
1741430581370,86167.42,0.01031,True
1741430581370,86167.42,6e-05,True
1741430581370,86167.42,6e-05,True
1741430581370,86167.42,0.0001,True
1741430581370,86167.42,0.0001,True
1741430581370,86167.42,0.0001,True
1741430581370,86167.42,6e-05,True
1741430581370,86167.42,6e-05,True
1741430581370,86167.42,0.00013,True
1741430581370,86167.42,6e-05,True
1741430581370,86167.42,6e-05,True
1741430581370,86167.4,0.00013,True
1741430581370,86167.4,6e-05,True
1741430581370,86167.4,6e-05,True
1741430581370,86167.31,0.00013,True
1741430581370,86167.31,6e-05,True
1741430581370,86167.31,6e-05,True
1741430581370,86167.26,0.00014,True
1741430581370,86167.26,6e-05,True
1741430581370,86167.26,6e-05,True
1741430581370,86167.16,7e-05,True
1741430581370,86167.16,7e-05,True
1741430581370,86167.16,6e-05,True
1741430581370,86167.16,6e-05,True
1741430581370,86167.16,7e-05,True
1741430581370,86167.15,0.00428,True
1741430581370,86167.15,6e-05,True
1741430581370,86167.09,6e-05,True
1741430581370,86167.09,6e-05,True
1741430581370,86166.74,6e-05,True
1741430581370,86166.73,6e-05,True
1741430581370,86166.73,7e-05,True
1741430581370,86166.73,7e-05,True
1741430581370,86166.73,6e-05,True
1741430581370,86166.73,7e-05,True
1741430581370,86166.72,0.0116,True
1741430581370,86166.46,7e-05,True
1741430581370,86166.46,7e-05,True
1741430581370,86166.46,7e-05,True
1741430581370,86166.45,0.00993,True
1741430581370,86166.23,6e-05,True
1741430581370,86166.01,7e-05,True
1741430581370,86166.01,7e-05,True
1741430581370,86166.01,7e-05,True
1741430581370,86166.0,0.014,True
1741430581370,86166.0,6e-05,True
1741430581370,86166.0,6e-05,True
1741430581370,86165.72,0.00012,True
1741430581370,86165.57,7e-05,True
1741430581370,86165.56,0.02386,True
1741430581370,86165.56,6e-05,True
1741430581370,86165.56,6e-05,True
1741430581370,86165.29,7e-05,True
1741430581616,86165.29,0.00027,False
1741430581697,86165.28,0.00222,True
1741430581704,86165.28,0.0002,True
1741430582225,86165.28,0.00014,True
1741430582271,86165.28,0.00644,True
1741430582291,86165.29,0.01035,False
1741430583071,86165.28,0.00503,True
1741430583073,86165.29,0.00017,False
1741430583107,86165.28,8e-05,True
1741430583429,86165.29,0.00012,False
1741430583508,86165.29,0.00059,False
1741430583714,86165.29,9e-05,False
1741430583857,86165.29,0.00021,False
1741430583904,86165.29,0.00073,False
1741430583931,86165.28,6e-05,True
1741430583931,86165.28,0.00744,True
1741430584120,86165.28,6e-05,True
1741430584120,86165.28,6e-05,True
1741430584120,86165.28,6e-05,True
1741430584120,86165.28,6e-05,True
1741430584120,86165.28,0.06978,True
1741430584124,86165.28,0.0932,True
1741430584126,86165.28,0.18542,True
1741430584126,86165.28,6e-05,True
1741430584126,86165.28,0.00258,True
1741430584126,86165.28,0.00058,True
1741430584126,86165.28,6e-05,True
1741430584126,86165.28,0.00014,True
1741430584126,86165.28,0.05683,True
1741430584126,86165.28,0.0001,True
1741430584126,86165.28,0.0001,True
1741430584126,86165.28,0.0001,True
1741430584126,86165.28,0.03058,True
1741430584126,86165.28,6e-05,True
1741430584126,86165.28,6e-05,True
1741430584126,86165.28,6e-05,True
1741430584126,86165.28,6e-05,True
1741430584126,86165.28,6e-05,True
1741430584126,86165.28,6e-05,True
1741430584126,86165.26,6e-05,True
1741430584126,86165.26,6e-05,True
1741430584126,86165.26,0.00013,True
1741430584126,86165.25,6e-05,True
1741430584126,86165.25,6e-05,True
1741430584126,86165.24,0.00014,True
1741430584126,86165.24,6e-05,True
1741430584126,86165.24,6e-05,True
1741430584126,86165.19,6e-05,True
1741430584126,86165.19,6e-05,True
1741430584126,86165.18,7e-05,True
1741430584126,86165.18,7e-05,True
1741430584126,86165.18,6e-05,True
1741430584126,86165.18,7e-05,True
1741430584126,86165.17,0.00435,True
1741430584126,86165.17,6e-05,True
1741430584126,86165.15,6e-05,True
1741430584126,86164.49,6e-05,True
1741430584126,86164.07,7e-05,True
1741430584126,86164.07,7e-05,True
1741430584126,86164.07,7e-05,True
1741430584127,86164.06,0.01305,True
1741430584127,86163.63,7e-05,True
1741430584127,86163.63,7e-05,True
1741430584127,86163.63,6e-05,True
1741430584127,86163.63,7e-05,True
1741430584127,86163.62,0.00188,True
1741430584168,86163.62,0.00884,True
1741430584168,86163.62,0.0001,True
1741430584168,86163.62,0.0001,True
1741430584168,86163.62,0.0001,True
1741430584168,86163.62,6e-05,True
1741430584168,86163.62,6e-05,True
1741430584168,86163.62,6e-05,True
1741430584168,86163.62,0.00081,True
1741430584168,86163.62,6e-05,True
1741430584168,86163.62,6e-05,True
1741430584168,86163.62,6e-05,True
1741430584168,86163.59,0.00019,True
1741430584168,86163.59,9e-05,True
1741430584168,86163.59,0.00019,True
1741430584168,86163.59,0.00019,True
1741430584168,86163.59,6e-05,True
1741430584168,86163.59,6e-05,True
1741430584168,86163.58,7e-05,True
1741430584168,86163.58,7e-05,True
1741430584168,86163.58,6e-05,True
1741430584168,86163.58,6e-05,True
1741430584168,86163.58,7e-05,True
1741430584168,86163.57,0.0116,True
1741430584168,86163.57,6e-05,True
1741430584168,86163.57,6e-05,True
1741430584168,86163.52,6e-05,True
1741430584168,86163.52,6e-05,True
1741430584168,86163.51,6e-05,True
1741430584168,86163.46,0.00014,True
1741430584168,86163.46,6e-05,True
1741430584168,86162.89,7e-05,True
1741430584168,86162.89,6e-05,True
1741430584168,86162.76,6e-05,True
1741430584168,86162.31,7e-05,True
1741430584168,86162.31,7e-05,True
1741430584168,86162.31,7e-05,True
1741430584168,86162.3,0.00993,True
1741430584168,86162.0,6e-05,True
1741430584168,86162.0,6e-05,True
1741430584168,86161.89,6e-05,True
1741430584168,86161.39,0.00012,True
1741430584168,86160.46,7e-05,True
1741430584168,86160.46,7e-05,True
1741430584168,86160.46,7e-05,True
1741430584168,86160.45,0.00564,True
1741430584168,86160.45,0.00741,True
1741430584168,86160.41,7e-05,True
1741430584168,86160.41,7e-05,True
1741430584168,86160.41,7e-05,True
1741430584168,86160.4,0.01072,True
1741430584168,86160.03,0.00699,True
1741430584168,86160.0,0.0116,True
1741430584168,86159.89,0.00417,True
1741430584168,86159.82,0.00012,True
1741430584168,86159.68,0.00106,True
1741430584168,86159.01,7e-05,True
1741430584168,86158.4,0.0116,True
1741430584168,86158.0,0.014,True
1741430584168,86157.35,0.00913,True
1741430584168,86157.24,0.00012,True
1741430584168,86157.05,0.0028,True
1741430584169,86157.05,0.00012,True
1741430584192,86157.07,0.00011,False
1741430584207,86157.06,0.0002,True
1741430584219,86157.07,0.00011,False
1741430584387,86157.07,0.00066,False
1741430584784,86157.07,0.00012,False
1741430584790,86157.06,7e-05,True
1741430584790,86157.06,6e-05,True
1741430585208,86157.06,1e-05,True
1741430585208,86157.06,0.0001,True
1741430585208,86157.06,6e-05,True
1741430585208,86157.06,3e-05,True
1741430585345,86157.07,0.00011,False
1741430585447,86157.07,0.00013,False
1741430585703,86157.07,0.06753,False
1741430585783,86157.06,3e-05,True
1741430585783,86157.06,0.00032,True
1741430585783,86157.06,0.00032,True
1741430585783,86157.06,6e-05,True
1741430585783,86157.06,0.00032,True
1741430585783,86157.06,6e-05,True
1741430585783,86157.06,6e-05,True
1741430585783,86157.06,0.00014,True
1741430585783,86157.06,0.00014,True
1741430585783,86157.06,7e-05,True
1741430585783,86157.06,6e-05,True
1741430585783,86157.06,7e-05,True
1741430585783,86157.06,6e-05,True
1741430585783,86157.06,0.0001,True
1741430585783,86157.06,0.00099,True
1741430585853,86157.07,0.00053,False
1741430586056,86157.07,0.00012,False
1741430586211,86157.06,0.0002,True
1741430586451,86157.06,0.002,True
1741430586481,86157.06,0.002,True
1741430586678,86157.07,0.0005,False
1741430586863,86157.06,0.0001,True
1741430587717,86157.06,0.0002,True
1741430587732,86157.06,0.002,True
1741430587806,86157.07,0.0003,False
1741430587876,86157.06,0.0027,True
1741430588399,86157.07,6e-05,False
1741430588422,86157.06,0.002,True
1741430588559,86157.06,0.0021,True
1741430588657,86157.07,0.00061,False
1741430588669,86157.07,0.00116,False
1741430588725,86157.07,8e-05,False
1741430589220,86157.06,0.0002,True
1741430589232,86157.06,0.0243,True
1741430589237,86157.06,0.0757,True
1741430589328,86157.07,0.00021,False
1741430589555,86157.06,0.02055,True
1741430589561,86157.06,0.03155,True
1741430589563,86157.06,0.03776,True
1741430589716,86157.07,0.0001,False
1741430589772,86157.06,0.0022,True
1741430589938,86157.06,0.00025,True
1741430590105,86157.07,8e-05,False
1741430590332,86157.06,0.0378,True
1741430590479,86157.06,0.0019,True
1741430590533,86157.06,0.0019,True
1741430590700,86157.07,0.00061,False
1741430590956,86157.06,0.0001,True
1741430591071,86157.07,0.02738,False
1741430591211,86157.06,0.0306,True
1741430591220,86157.06,0.00044,True
1741430591224,86157.06,0.0002,True
1741430591674,86157.06,0.002,True
1741430591696,86157.06,0.0083,True
1741430591708,86157.06,0.0153,True
1741430591715,86157.06,0.0153,True
1741430591799,86157.06,0.0027,True
1741430591892,86157.06,0.013,True
1741430592022,86157.06,0.01206,True
1741430592022,86157.06,7e-05,True
1741430592022,86157.06,0.0001,True
1741430592022,86157.06,7e-05,True
1741430592022,86157.06,6e-05,True
1741430592022,86157.06,6e-05,True
1741430592022,86157.06,6e-05,True
1741430592022,86157.06,6e-05,True
1741430592022,86157.06,6e-05,True
1741430592022,86157.06,6e-05,True
1741430592022,86157.06,0.00013,True
1741430592022,86157.06,0.00222,True
1741430592022,86157.06,0.0004,True
1741430592022,86157.06,0.00125,True
1741430592022,86157.06,0.00015,True
1741430592022,86157.06,0.00304,True
1741430592022,86157.06,7e-05,True
1741430592022,86157.05,0.00701,True
1741430592022,86157.05,6e-05,True
1741430592022,86157.05,6e-05,True
1741430592022,86157.04,0.00033,True
1741430592022,86157.04,6e-05,True
1741430592022,86157.04,6e-05,True
1741430592022,86157.03,6e-05,True
1741430592022,86157.03,6e-05,True
1741430592022,86157.02,6e-05,True
1741430592022,86157.02,6e-05,True
1741430592022,86157.01,6e-05,True
1741430592022,86157.0,0.00014,True
1741430592022,86157.0,6e-05,True
1741430592022,86156.96,6e-05,True
1741430592022,86156.95,0.00014,True
1741430592022,86156.9,0.00013,True
1741430592022,86156.9,1e-05,True
1741430592022,86156.7,6e-05,True
1741430592025,86156.27,0.00014,True
1741430592025,86156.27,7e-05,True
1741430592025,86156.27,0.0001,True
1741430592025,86156.27,7e-05,True
1741430592025,86156.27,7e-05,True
1741430592025,86156.26,0.00019,True
1741430592025,86156.26,9e-05,True
1741430592025,86156.26,0.00134,True
1741430592025,86155.83,6e-05,True
1741430592025,86155.36,7e-05,True
1741430592025,86155.36,7e-05,True
1741430592025,86155.36,7e-05,True
1741430592035,86155.35,0.0116,True
1741430592035,86155.35,6e-05,True
1741430592035,86155.35,6e-05,True
1741430592035,86155.35,0.0001,True
1741430592035,86155.35,0.0001,True
1741430592035,86155.35,0.0001,True
1741430592035,86155.35,6e-05,True
1741430592035,86155.35,6e-05,True
1741430592035,86155.35,6e-05,True
1741430592035,86155.35,6e-05,True
1741430592035,86155.35,6e-05,True
1741430592035,86155.35,6e-05,True
1741430592035,86155.27,9e-05,True
1741430592035,86155.27,9e-05,True
1741430592035,86155.26,7e-05,True
1741430592035,86155.26,7e-05,True
1741430592035,86155.26,6e-05,True
1741430592035,86155.26,6e-05,True
1741430592035,86155.26,7e-05,True
1741430592035,86155.25,0.00957,True
1741430592046,86155.25,0.00115,True
1741430592046,86155.25,6e-05,True
1741430592046,86155.25,6e-05,True
1741430592046,86155.25,0.0001,True
1741430592046,86155.25,6e-05,True
1741430592046,86155.25,0.0001,True
1741430592046,86155.25,0.0001,True
1741430592046,86155.25,6e-05,True
1741430592046,86155.25,6e-05,True
1741430592046,86155.25,6e-05,True
1741430592046,86155.25,6e-05,True
1741430592046,86155.25,6e-05,True
1741430592046,86155.25,6e-05,True
1741430592046,86155.25,6e-05,True
1741430592046,86155.22,9e-05,True
1741430592046,86154.96,6e-05,True
1741430592046,86154.96,6e-05,True
1741430592046,86154.78,7e-05,True
1741430592046,86154.78,7e-05,True
1741430592046,86154.78,6e-05,True
1741430592046,86154.78,6e-05,True
1741430592046,86154.78,7e-05,True
1741430592046,86154.77,0.003,True
1741430592046,86154.77,6e-05,True
1741430592046,86154.77,6e-05,True
1741430592046,86154.59,7e-05,True
1741430592046,86154.59,7e-05,True
1741430592046,86154.59,6e-05,True
1741430592046,86154.59,6e-05,True
1741430592046,86154.59,7e-05,True
1741430592046,86154.58,0.01305,True
1741430592046,86154.58,6e-05,True
1741430592046,86154.1,6e-05,True
1741430592046,86154.1,6e-05,True
1741430592046,86154.04,0.00106,True
1741430592046,86154.04,6e-05,True
1741430592046,86153.23,6e-05,True
1741430592046,86152.71,7e-05,True
1741430592046,86152.71,7e-05,True
1741430592046,86152.71,7e-05,True
1741430592046,86152.7,0.00637,True
1741430592046,86152.6,0.00014,True
1741430592046,86152.59,0.00022,True
1741430592046,86152.45,7e-05,True
1741430592046,86152.45,7e-05,True
1741430592046,86152.45,7e-05,True
1741430592046,86152.44,0.00993,True
1741430592046,86152.31,9e-05,True
1741430592046,86152.18,0.00699,True
1741430592055,86150.92,8e-05,False
1741430592064,86150.91,0.00407,True
1741430592064,86150.91,6e-05,True
1741430592064,86150.91,0.0001,True
1741430592064,86150.91,0.0001,True
1741430592064,86150.91,6e-05,True
1741430592064,86150.91,0.0001,True
1741430592064,86150.91,6e-05,True
1741430592064,86150.91,6e-05,True
1741430592064,86150.91,6e-05,True
1741430592064,86150.91,6e-05,True
1741430592064,86150.91,6e-05,True
1741430592064,86150.91,6e-05,True
1741430592064,86150.88,0.00021,True
1741430592064,86150.88,6e-05,True
1741430592064,86150.88,6e-05,True
1741430592064,86150.8,0.00014,True
1741430592064,86150.8,6e-05,True
1741430592064,86150.8,6e-05,True
1741430592064,86150.72,0.00012,True
1741430592064,86150.72,6e-05,True
1741430592064,86150.72,6e-05,True
1741430592064,86150.71,7e-05,True
1741430592064,86150.71,7e-05,True
1741430592064,86150.71,6e-05,True
1741430592064,86150.71,6e-05,True
1741430592064,86150.71,7e-05,True
1741430592064,86150.7,0.0015,True
1741430592067,86150.7,0.01102,True
1741430592070,86150.7,0.00053,True
1741430592070,86150.7,6e-05,True
1741430592070,86150.7,6e-05,True
1741430592070,86150.7,0.0001,True
1741430592070,86150.7,0.0001,True
1741430592070,86150.7,0.0001,True
1741430592070,86150.7,6e-05,True
1741430592070,86150.7,6e-05,True
1741430592070,86150.7,6e-05,True
1741430592070,86150.7,6e-05,True
1741430592070,86150.7,6e-05,True
1741430592070,86150.7,6e-05,True
1741430592070,86150.63,6e-05,True
1741430592070,86150.63,6e-05,True
1741430592070,86150.63,6e-05,True
1741430592070,86150.36,8e-05,True
1741430592070,86150.36,6e-05,True
1741430592070,86150.36,6e-05,True
1741430592070,86150.3,7e-05,True
1741430592070,86150.3,7e-05,True
1741430592070,86150.3,7e-05,True
1741430592070,86150.3,2e-05,True
1741430592070,86150.3,6e-05,True
1741430592070,86150.3,6e-05,True
1741430592070,86150.3,0.00025,True
1741430592070,86150.3,7e-05,True
1741430592199,86150.29,0.00011,True
1741430592606,86150.29,0.00222,True
1741430592646,86150.3,0.00077,False
1741430594782,86150.3,0.00011,False
1741430594951,86150.3,0.00035,False
1741430595228,86150.3,0.00025,False
1741430595266,86150.3,0.00298,False
1741430595722,86150.3,0.00118,False
1741430596246,86150.3,0.0001,False
1741430598056,86150.3,8e-05,False
1741430598599,86150.3,0.0003,False
1741430598760,86150.29,0.00012,True
1741430598778,86150.29,0.00118,True
1741430599183,86150.3,7e-05,False
1741430599728,86150.29,0.00218,True
1741430600119,86150.3,6e-05,False
1741430600119,86150.3,6e-05,False
1741430600119,86150.3,0.02988,False
1741430600703,86150.3,0.01012,False
1741430600703,86150.3,0.00013,False
1741430600703,86150.3,0.00013,False
1741430600703,86150.3,0.02,False
1741430600703,86150.3,0.00058,False
1741430600703,86150.3,0.00012,False
1741430600703,86150.3,6e-05,False
1741430600703,86150.3,6e-05,False
1741430600703,86150.3,6e-05,False
1741430600703,86150.3,0.05007,False
1741430601091,86150.29,0.00029,True
1741430601184,86150.3,0.00022,False
1741430601337,86150.3,0.00118,False
1741430601666,86150.29,0.00024,True
1741430602402,86150.29,0.00011,True
1741430602527,86150.3,6e-05,False
1741430602527,86150.3,6e-05,False
1741430602527,86150.3,6e-05,False
1741430602527,86150.3,6e-05,False
1741430602527,86150.3,6e-05,False
1741430602527,86150.3,3e-05,False
1741430603215,86150.29,0.00021,True
1741430603316,86150.29,0.00118,True
1741430604119,86150.3,3e-05,False
1741430604119,86150.3,0.00026,False
1741430604311,86150.3,0.00128,False
1741430604696,86150.3,0.00011,False
1741430604714,86150.3,0.00023,False
1741430604733,86150.3,0.00235,False
1741430604850,86150.3,0.00019,False
1741430605600,86150.3,0.00011,False
1741430605703,86150.3,0.06868,False
1741430605714,86150.29,0.00253,True
1741430605815,86150.3,0.00118,False
1741430606211,86150.29,0.00035,True
1741430606211,86150.29,5e-05,True
1741430606438,86150.29,0.00079,True
1741430606438,86150.29,0.00068,True
1741430607085,86150.3,0.00014,False
1741430607108,86150.29,0.00018,True
1741430607108,86150.29,0.00013,True
1741430607108,86150.29,6e-05,True
1741430607108,86150.29,0.00029,True
1741430607483,86150.3,0.00052,False
1741430607913,86150.29,0.00118,True
1741430608018,86150.3,0.00021,False
1741430608434,86150.3,0.00011,False
1741430608653,86150.3,0.00017,False
1741430609311,86150.3,0.00012,False
1741430609361,86150.3,0.00012,False
1741430609446,86150.3,0.00087,False
1741430610051,86150.29,0.00115,True
1741430610358,86150.29,0.00029,True
1741430610525,86150.3,0.00012,False
1741430611529,86150.29,0.00011,True
1741430611928,86150.29,0.0002,True
1741430612289,86150.3,0.00093,False
1741430612308,86150.3,0.0001,False
1741430612325,86150.3,0.00012,False
1741430612470,86150.3,0.00063,False
1741430612569,86150.29,0.00026,True
1741430612712,86150.3,0.00015,False
1741430612950,86150.3,6e-05,False
1741430613477,86150.29,0.00054,True
1741430613953,86150.29,0.00024,True
1741430614024,86150.29,0.00042,True
1741430614828,86150.3,0.00012,False
1741430614892,86150.3,0.00058,False
1741430615087,86150.29,0.00096,True
1741430615265,86150.3,0.00064,False
1741430615486,86150.3,0.00348,False
1741430615486,86150.3,0.00348,False
1741430615486,86150.3,0.00348,False
1741430615486,86150.3,0.00348,False
1741430615486,86150.3,0.06598,False
1741430615486,86150.3,0.00013,False
1741430615486,86150.3,0.02,False
1741430615486,86150.3,0.00589,False
1741430615486,86150.3,0.00016,False
1741430615486,86150.3,0.00058,False
1741430615486,86150.3,6e-05,False
1741430615486,86150.3,6e-05,False
1741430615486,86150.3,6e-05,False
1741430615486,86150.3,6e-05,False
1741430615486,86150.3,6e-05,False
1741430615486,86150.3,6e-05,False
1741430615486,86150.3,0.00058,False
1741430615486,86150.3,6e-05,False
1741430615486,86150.3,6e-05,False
1741430615486,86150.3,0.1324,False
1741430615486,86150.3,0.00081,False
1741430615486,86150.3,0.05947,False
1741430615486,86150.3,0.06059,False
1741430615486,86150.3,0.00696,False
1741430615486,86150.3,0.00084,False
1741430615486,86150.3,0.00084,False
1741430615486,86150.3,0.00393,False
1741430615486,86150.3,0.04883,False
1741430615486,86150.3,6e-05,False
1741430615486,86150.3,0.16,False
1741430615486,86150.3,0.08,False
1741430615486,86150.3,0.04,False
1741430615486,86150.3,8e-05,False
1741430615486,86150.3,0.00084,False
1741430615486,86150.3,0.04,False
1741430615486,86150.3,0.00666,False
1741430615486,86150.3,0.00089,False
1741430615486,86150.3,0.00014,False
1741430615486,86150.3,6e-05,False
1741430615486,86150.3,6e-05,False
1741430615486,86150.3,6e-05,False
1741430615486,86150.31,6e-05,False
1741430615486,86150.31,6e-05,False
1741430615486,86150.31,0.00013,False
1741430615486,86150.31,0.00013,False
1741430615486,86150.32,6e-05,False
1741430615486,86150.32,6e-05,False
1741430615486,86150.33,6e-05,False
1741430615486,86150.33,6e-05,False
1741430615486,86150.33,7e-05,False
1741430615486,86150.33,7e-05,False
1741430615486,86150.33,7e-05,False
1741430615486,86150.34,6e-05,False
1741430615486,86150.34,6e-05,False
1741430615486,86150.34,0.05476,False
1741430615486,86150.34,6e-05,False
1741430615486,86150.34,6e-05,False
1741430615486,86150.35,6e-05,False
1741430615486,86150.35,0.09019,False
1741430615486,86150.35,6e-05,False
1741430615486,86150.35,6e-05,False
1741430615486,86150.36,6e-05,False
1741430615486,86150.37,6e-05,False
1741430615486,86150.4,0.02,False
1741430615486,86150.4,6e-05,False
1741430615486,86150.4,6e-05,False
1741430615486,86150.92,0.05737,False
1741430615486,86150.92,6e-05,False
1741430615486,86150.92,6e-05,False
1741430615486,86151.49,6e-05,False
1741430615486,86152.0,6e-05,False
1741430615486,86152.0,6e-05,False
1741430615486,86152.17,0.00336,False
1741430615486,86152.17,0.00348,False
1741430615487,86152.17,0.01561,False
1741430615487,86152.17,0.05971,False
1741430615487,86152.17,0.07519,False
1741430615487,86152.17,0.01104,False
1741430615487,86152.17,0.07519,False
1741430615487,86152.17,0.02031,False
1741430615488,86152.17,0.50225,False
1741430615488,86152.63,0.0116,False
1741430615488,86152.74,6e-05,False
1741430615488,86152.74,6e-05,False
1741430615488,86152.75,0.03,False
1741430615488,86153.04,0.01007,False
1741430615488,86153.34,6e-05,False
1741430615488,86153.42,0.00012,False
1741430615488,86153.47,0.01012,False
1741430615488,86153.8,0.00016,False
1741430615488,86156.53,0.01789,False
1741430615488,86156.53,0.00211,False
1741430615488,86156.57,7e-05,False
1741430615488,86156.91,0.02901,False
1741430615488,86156.91,0.02901,False
1741430615489,86157.07,0.00407,False
1741430615489,86157.07,0.00598,False
1741430615489,86157.07,0.01013,False
1741430615489,86157.07,0.00504,False
1741430615489,86157.42,0.02845,False
1741430615490,86157.42,0.00348,False
1741430615490,86157.42,0.00659,False
1741430615490,86157.42,0.0288,False
1741430615490,86157.68,6e-05,False
1741430615490,86157.8,0.00342,False
1741430615490,86157.8,0.006,False
1741430615490,86157.8,0.00218,False
1741430615490,86158.2,0.005,False
1741430615490,86158.77,0.019,False
1741430615490,86159.34,0.00112,False
1741430615491,86157.42,6e-05,False
1741430615491,86157.42,6e-05,False
1741430615491,86161.02,6e-05,False
1741430615491,86162.02,6e-05,False
1741430615499,86161.25,7e-05,False
1741430615499,86161.25,7e-05,False
1741430615499,86161.25,7e-05,False
1741430615500,86161.26,0.002,False
1741430615500,86162.0,6e-05,False
1741430615500,86162.0,6e-05,False
1741430615500,86162.02,6e-05,False
1741430615500,86162.02,6e-05,False
1741430615500,86163.34,7e-05,False
1741430615512,86163.82,0.001,False
1741430615512,86163.82,6e-05,False
1741430615512,86163.82,6e-05,False
1741430615526,86163.83,6e-05,False
1741430615526,86163.83,6e-05,False
1741430615526,86163.83,0.0001,False
1741430615526,86163.83,6e-05,False
1741430615526,86163.83,0.0001,False
1741430615526,86163.83,6e-05,False
1741430615526,86163.83,6e-05,False
1741430615526,86163.85,0.0002,False
1741430615526,86163.85,0.00044,False
1741430615526,86164.0,0.001,False
1741430615526,86164.02,6e-05,False
1741430615526,86164.02,6e-05,False
1741430615526,86164.75,7e-05,False
1741430615526,86164.75,7e-05,False
1741430615526,86164.75,7e-05,False
1741430615526,86164.76,6e-05,False
1741430615526,86164.76,6e-05,False
1741430615526,86164.95,0.00106,False
1741430615526,86165.23,6e-05,False
1741430615526,86165.23,6e-05,False
1741430615526,86165.28,7e-05,False
1741430615526,86165.28,7e-05,False
1741430615526,86165.28,7e-05,False
1741430615616,86165.29,6e-05,False
1741430615616,86165.29,6e-05,False
1741430615616,86165.29,6e-05,False
1741430615616,86165.29,6e-05,False
1741430615616,86165.29,0.0001,False
1741430615616,86165.29,0.0001,False
1741430615616,86165.29,6e-05,False
1741430615616,86165.29,6e-05,False
1741430615616,86165.29,6e-05,False
1741430615616,86165.29,6e-05,False
1741430615616,86165.29,6e-05,False
1741430615616,86165.29,6e-05,False
1741430615616,86165.32,7e-05,False
1741430615616,86165.32,6e-05,False
1741430615616,86165.32,6e-05,False
1741430615616,86165.35,6e-05,False
1741430615616,86165.4,0.00013,False
1741430615616,86165.4,6e-05,False
1741430615616,86165.4,6e-05,False
1741430615616,86165.45,0.00013,False
1741430615616,86165.45,6e-05,False
1741430615616,86165.45,6e-05,False
1741430615616,86165.51,7e-05,False
1741430615616,86165.51,7e-05,False
1741430615616,86165.51,6e-05,False
1741430615616,86165.51,6e-05,False
1741430615616,86165.51,7e-05,False
1741430615686,86165.52,6e-05,False
1741430615686,86165.52,6e-05,False
1741430615686,86165.52,7e-05,False
1741430615686,86165.52,0.0001,False
1741430615686,86165.52,7e-05,False
1741430615686,86165.52,6e-05,False
1741430615686,86165.52,6e-05,False
1741430615686,86165.52,6e-05,False
1741430615686,86165.52,0.0001,False
1741430615686,86165.52,0.00059,False
1741430615686,86165.52,0.00061,False
1741430615686,86165.52,6e-05,False
1741430615686,86165.52,0.0005,False
1741430615686,86165.52,6e-05,False
1741430615686,86165.52,0.00013,False
1741430615686,86165.52,6e-05,False
1741430615686,86165.52,6e-05,False
1741430615686,86165.52,7e-05,False
1741430615686,86165.53,0.00325,False
1741430615703,86165.53,0.00835,False
1741430615703,86165.53,6e-05,False
1741430615703,86165.53,6e-05,False
1741430615703,86165.53,6e-05,False
1741430615703,86165.53,6e-05,False
1741430615703,86165.53,6e-05,False
1741430615703,86165.53,0.0001,False
1741430615703,86165.53,0.0001,False
1741430615703,86165.53,6e-05,False
1741430615703,86165.53,6e-05,False
1741430615703,86165.53,6e-05,False
1741430615703,86165.54,0.00014,False
1741430615703,86165.54,6e-05,False
1741430615703,86165.54,6e-05,False
1741430615703,86165.67,6e-05,False
1741430615703,86165.67,6e-05,False
1741430615703,86165.67,6e-05,False
1741430615703,86165.68,6e-05,False
1741430615703,86165.68,6e-05,False
1741430615703,86165.68,7e-05,False
1741430615703,86165.68,7e-05,False
1741430615703,86165.68,7e-05,False
1741430615703,86165.69,0.003,False
1741430615703,86165.69,6e-05,False
1741430615703,86165.69,6e-05,False
1741430615703,86165.99,6e-05,False
1741430615703,86166.0,6e-05,False
1741430615703,86166.22,6e-05,False
1741430615703,86166.22,6e-05,False
1741430615703,86166.99,0.00012,False
1741430615703,86167.53,7e-05,False
1741430615703,86167.53,7e-05,False
1741430615703,86167.54,0.003,False
1741430615703,86167.95,6e-05,False
1741430615703,86167.99,7e-05,False
1741430615703,86167.99,7e-05,False
1741430615703,86167.99,7e-05,False
1741430615703,86168.0,0.014,False
1741430615703,86168.0,6e-05,False
1741430615703,86168.0,6e-05,False
1741430615703,86169.99,7e-05,False
1741430615703,86169.99,7e-05,False
1741430615703,86169.99,7e-05,False
1741430615703,86170.0,0.014,False
1741430615703,86170.0,6e-05,False
1741430615703,86170.0,6e-05,False
1741430615703,86170.59,0.00106,False
1741430615703,86170.7,0.0116,False
1741430615703,86171.38,7e-05,False
1741430615703,86172.0,0.014,False
1741430615703,86172.12,0.00012,False
1741430615703,86172.59,0.00012,False
1741430615703,86173.76,9e-05,False
1741430615703,86173.82,7e-05,False
1741430615703,86173.83,0.00031,False
1741430615706,86173.83,7e-05,False
1741430616089,86173.83,6e-05,False
1741430616089,86173.83,0.00055,False
1741430616113,86173.82,0.00348,True
1741430616113,86173.82,0.00348,True
1741430616164,86173.82,0.00348,True
1741430616164,86173.82,0.00348,True
1741430616313,86173.83,0.00596,False
1741430616359,86173.83,6e-05,False
1741430616359,86173.83,6e-05,False
1741430616359,86173.83,0.00041,False
1741430616359,86173.83,0.00041,False
1741430616359,86173.83,0.00041,False
1741430616359,86173.83,6e-05,False
1741430616359,86173.83,0.00013,False
1741430616359,86173.83,6e-05,False
1741430616359,86173.83,0.00042,False
1741430616359,86173.83,6e-05,False
1741430616359,86173.83,6e-05,False
1741430616359,86173.83,6e-05,False
1741430616359,86173.83,0.0001,False
1741430616359,86173.83,6e-05,False
1741430616359,86173.84,6e-05,False
1741430616359,86173.84,6e-05,False
1741430616359,86173.84,0.00014,False
1741430616359,86173.86,6e-05,False
1741430616359,86173.86,6e-05,False
1741430616359,86174.29,6e-05,False
1741430616359,86174.29,6e-05,False
1741430616359,86174.36,6e-05,False
1741430616359,86174.36,6e-05,False
1741430616359,86174.37,6e-05,False
1741430616359,86174.38,6e-05,False
1741430616359,86174.39,6e-05,False
1741430616359,86174.98,7e-05,False
1741430616359,86174.98,7e-05,False
1741430616359,86174.98,0.0001,False
1741430616460,86174.98,0.0001,False
1741430616460,86174.98,0.0001,False
1741430616460,86174.98,6e-05,False
1741430616460,86174.98,6e-05,False
1741430616460,86174.98,6e-05,False
1741430616460,86174.98,6e-05,False
1741430616460,86174.98,6e-05,False
1741430616460,86174.98,6e-05,False
1741430616460,86174.98,6e-05,False
1741430616460,86174.98,6e-05,False
1741430616460,86174.98,6e-05,False
1741430616460,86174.98,6e-05,False
1741430616460,86174.98,6e-05,False
1741430616460,86174.98,7e-05,False
1741430616460,86174.98,6e-05,False
1741430616460,86174.98,6e-05,False
1741430616460,86174.98,6e-05,False
1741430616460,86174.99,6e-05,False
1741430616460,86174.99,6e-05,False
1741430616460,86175.04,6e-05,False
1741430616460,86175.04,6e-05,False
1741430616460,86175.09,0.00013,False
1741430616460,86175.09,6e-05,False
1741430616460,86175.09,6e-05,False
1741430616460,86175.14,0.00013,False
1741430616460,86175.14,6e-05,False
1741430616460,86175.14,6e-05,False
1741430616460,86176.23,0.00106,False
1741430616460,86176.23,6e-05,False
1741430616460,86176.47,7e-05,False
1741430616460,86176.47,7e-05,False
1741430616460,86176.47,6e-05,False
1741430616460,86176.47,7e-05,False
1741430616604,86176.48,0.00046,False
1741430617321,86176.47,0.00024,True
1741430617370,86176.47,0.00021,True
1741430618046,86176.48,0.00012,False
1741430618431,86176.48,0.00023,False
1741430618516,86176.48,0.06816,False
1741430618516,86176.48,0.0001,False
1741430618516,86176.48,0.0001,False
1741430618516,86176.48,6e-05,False
1741430618516,86176.48,6e-05,False
1741430618516,86176.48,6e-05,False
1741430618516,86176.48,8e-05,False
1741430618516,86176.48,6e-05,False
1741430618516,86176.48,9e-05,False
1741430618516,86176.48,0.00014,False
1741430618516,86176.48,6e-05,False
1741430618516,86176.48,6e-05,False
1741430618516,86176.48,6e-05,False
1741430618516,86176.48,6e-05,False
1741430618516,86176.49,6e-05,False
1741430618516,86176.49,6e-05,False
1741430618516,86176.5,6e-05,False
1741430618516,86176.5,6e-05,False
1741430618516,86176.52,0.00014,False
1741430618516,86176.52,6e-05,False
1741430618516,86176.52,6e-05,False
1741430618516,86176.58,6e-05,False
1741430618516,86176.58,6e-05,False
1741430618516,86176.59,6e-05,False
1741430618516,86176.59,0.00013,False
1741430618516,86176.61,6e-05,False
1741430618516,86176.61,6e-05,False
1741430618516,86176.63,6e-05,False
1741430618516,86176.64,0.00013,False
1741430618516,86176.72,7e-05,False
1741430618516,86176.72,7e-05,False
1741430618516,86176.72,9e-05,False
1741430618516,86176.72,9e-05,False
1741430618516,86176.72,9e-05,False
1741430618516,86176.72,7e-05,False
1741430618516,86176.73,0.0116,False
1741430618516,86177.48,6e-05,False
1741430618516,86178.34,0.00013,False
1741430618516,86180.08,6e-05,False
1741430618516,86180.28,7e-05,False
1741430618516,86180.28,7e-05,False
1741430618516,86180.28,7e-05,False
1741430618705,86180.29,9e-05,False
1741430618770,86180.28,0.00017,True
