timestamp,price,volume,is_ask
1741801423926,82550.43,0.00022,False
1741801424001,82550.42,0.00079,True
1741801424216,82550.42,0.0002,True
1741801424216,82550.42,0.0002,True
1741801424216,82550.42,7e-05,True
1741801424216,82550.42,0.00014,True
1741801424216,82550.42,7e-05,True
1741801424216,82550.42,7e-05,True
1741801424216,82550.42,0.001,True
1741801424216,82550.42,7e-05,True
1741801424216,82550.42,7e-05,True
1741801424216,82550.42,0.00812,True
1741801424216,82550.42,7e-05,True
1741801424216,82550.42,0.0001,True
1741801424216,82550.42,0.0001,True
1741801424216,82550.42,0.0001,True
1741801424216,82550.42,0.00812,True
1741801424216,82550.42,0.0007,True
1741801424216,82550.41,0.00013,True
1741801424216,82550.41,0.00013,True
1741801424216,82550.41,0.00014,True
1741801424216,82550.41,7e-05,True
1741801424216,82550.41,7e-05,True
1741801424216,82550.4,7e-05,True
1741801424216,82550.4,7e-05,True
1741801424216,82550.4,0.003,True
1741801424216,82550.39,7e-05,True
1741801424216,82550.39,7e-05,True
1741801424216,82550.35,7e-05,True
1741801424216,82550.35,7e-05,True
1741801424216,82550.35,7e-05,True
1741801424216,82549.94,7e-05,True
1741801424216,82549.93,7e-05,True
1741801424216,82549.52,7e-05,True
1741801424216,82549.52,7e-05,True
1741801424216,82548.7,7e-05,True
1741801424216,82547.17,7e-05,True
1741801424254,82547.17,0.00261,False
1741801425407,82547.16,0.03481,True
1741801425808,82547.16,0.00125,True
1741801425870,82547.16,0.03449,True
1741801425870,82547.16,7e-05,True
1741801425870,82547.16,7e-05,True
1741801425870,82547.16,7e-05,True
1741801425870,82547.16,7e-05,True
1741801425870,82547.16,0.00013,True
1741801425870,82547.16,0.00101,True
1741801425870,82547.16,0.00302,True
1741801425870,82547.16,7e-05,True
1741801425870,82547.16,7e-05,True
1741801425870,82547.16,0.00885,True
1741801425870,82547.16,0.0001,True
1741801425870,82547.16,0.0001,True
1741801425870,82547.15,0.00013,True
1741801425870,82547.15,7e-05,True
1741801425870,82547.15,7e-05,True
1741801425870,82547.15,0.00014,True
1741801425870,82547.15,0.00014,True
1741801425872,82547.05,7e-05,True
1741801425872,82547.05,7e-05,True
1741801425872,82546.36,7e-05,True
1741801425872,82546.36,7e-05,True
1741801425872,82546.35,6e-05,True
1741801425872,82546.35,1e-05,True
1741801425872,82546.35,7e-05,True
1741801425872,82546.28,7e-05,True
1741801425872,82546.27,0.00042,True
1741801425872,82546.27,7e-05,True
1741801425872,82546.23,7e-05,True
1741801425875,82544.84,7e-05,True
1741801425875,82544.84,7e-05,True
1741801425875,82544.84,7e-05,True
1741801425875,82544.31,7e-05,True
1741801425878,82544.3,0.004,True
1741801425878,82544.3,7e-05,True
1741801425878,82544.3,7e-05,True
1741801425878,82544.3,0.0001,True
1741801425880,82543.76,7e-05,True
1741801425880,82543.76,7e-05,True
1741801425880,82543.76,0.0001,True
1741801425882,82543.35,7e-05,True
1741801425882,82543.35,7e-05,True
1741801425882,82543.35,0.0001,True
1741801425884,82543.01,0.00012,True
1741801425884,82543.01,7e-05,True
1741801425884,82543.01,7e-05,True
1741801425884,82543.01,0.0001,True
1741801425884,82542.94,7e-05,True
1741801425884,82542.94,7e-05,True
1741801425884,82542.94,7e-05,True
1741801425884,82542.82,7e-05,True
1741801425884,82542.82,7e-05,True
1741801425884,82542.82,0.0001,True
1741801425884,82542.82,0.0001,True
1741801425884,82542.82,0.00017,True
1741801425884,82542.81,7e-05,True
1741801425884,82542.81,7e-05,True
1741801425886,82542.8,0.00505,True
1741801425886,82542.8,7e-05,True
1741801425886,82542.8,7e-05,True
1741801425944,82542.12,7e-05,True
1741801425944,82542.12,7e-05,True
1741801425944,82542.12,7e-05,True
1741801425944,82542.12,7e-05,True
1741801425944,82542.12,7e-05,True
1741801425944,82542.12,0.00014,True
1741801425944,82542.12,7e-05,True
1741801425944,82542.12,0.0001,True
1741801425946,82542.11,0.0002,True
1741801425946,82542.11,7e-05,True
1741801425946,82542.11,7e-05,True
1741801425946,82542.11,0.0001,True
1741801425946,82540.71,0.03971,True
1741801425952,82540.26,8e-05,True
1741801425952,82540.26,7e-05,True
1741801425952,82540.26,7e-05,True
1741801425952,82540.26,0.0001,True
1741801425952,82540.26,7e-05,True
1741801425952,82540.26,7e-05,True
1741801425952,82540.26,7e-05,True
1741801425952,82540.26,7e-05,True
1741801425952,82540.24,0.0001,True
1741801425952,82540.08,7e-05,True
1741801425952,82540.08,7e-05,True
1741801425955,82539.98,0.00243,True
1741801425955,82539.98,7e-05,True
1741801425955,82539.98,7e-05,True
1741801425955,82539.76,0.00012,True
1741801425955,82539.76,7e-05,True
1741801425955,82539.76,7e-05,True
1741801425957,82539.74,7e-05,True
1741801425957,82539.74,7e-05,True
1741801425957,82539.74,0.0001,True
1741801425957,82539.64,7e-05,True
1741801425957,82539.64,0.00016,True
1741801425957,82539.64,0.00016,True
1741801425957,82539.64,0.00016,True
1741801425957,82539.64,7e-05,True
1741801425957,82539.63,7e-05,True
1741801425957,82539.63,7e-05,True
1741801425957,82539.63,7e-05,True
1741801425959,82539.62,7e-05,True
1741801425959,82539.62,7e-05,True
1741801425959,82539.62,0.0001,True
1741801426080,82539.35,7e-05,True
1741801426080,82539.35,7e-05,True
1741801426080,82539.35,7e-05,True
1741801426080,82539.35,7e-05,True
1741801426080,82539.35,7e-05,True
1741801426080,82539.35,7e-05,True
1741801426080,82539.35,0.00298,True
1741801426080,82539.35,0.0001,True
1741801426080,82539.34,0.00013,True
1741801426080,82539.34,7e-05,True
1741801426080,82539.34,7e-05,True
1741801426080,82539.34,0.00014,True
1741801426080,82538.82,7e-05,True
1741801426080,82538.82,7e-05,True
1741801426080,82538.68,7e-05,True
1741801426080,82538.68,7e-05,True
1741801426080,82538.4,7e-05,True
1741801426080,82538.4,7e-05,True
1741801426080,82538.01,0.003,True
1741801426080,82538.01,7e-05,True
1741801426080,82538.0,7e-05,True
1741801426080,82538.0,7e-05,True
1741801426080,82536.26,7e-05,True
1741801426080,82535.96,0.00018,True
1741801426080,82535.96,0.00018,True
1741801426080,82535.96,0.00018,True
1741801426080,82535.53,7e-05,True
1741801426080,82535.2,7e-05,True
1741801426080,82535.14,7e-05,True
1741801426080,82535.14,7e-05,True
1741801426116,82535.13,7e-05,True
1741801426116,82535.13,7e-05,True
1741801426116,82535.13,7e-05,True
1741801426116,82535.13,7e-05,True
1741801426116,82535.13,7e-05,True
1741801426116,82535.13,7e-05,True
1741801426116,82535.13,0.00013,True
1741801426116,82535.13,0.0001,True
1741801426116,82535.12,0.00025,True
1741801426116,82535.12,7e-05,True
1741801426116,82535.12,7e-05,True
1741801426116,82534.71,7e-05,True
1741801426116,82533.79,7e-05,True
1741801426116,82533.79,7e-05,True
1741801426116,82533.78,7e-05,True
1741801426116,82533.78,7e-05,True
1741801426116,82533.5,7e-05,True
1741801426116,82533.49,7e-05,True
1741801426116,82533.49,7e-05,True
1741801426116,82533.06,7e-05,True
1741801426116,82533.06,7e-05,True
1741801426116,82532.94,0.00012,True
1741801426116,82532.94,7e-05,True
1741801426116,82532.76,7e-05,True
1741801426116,82532.62,0.00013,True
1741801426116,82532.41,7e-05,True
1741801426470,82532.4,7e-05,True
1741801426565,82532.41,0.06721,False
1741801426565,82532.41,0.2,False
1741801426565,82532.41,0.03827,False
1741801426565,82532.41,7e-05,False
1741801426565,82532.41,7e-05,False
1741801426565,82532.41,7e-05,False
1741801426565,82532.41,7e-05,False
1741801426565,82532.41,0.00431,False
1741801426565,82532.41,0.0002,False
1741801426565,82532.41,0.0002,False
1741801426565,82532.41,0.02279,False
1741801426565,82532.41,0.00024,False
1741801426565,82532.41,0.00014,False
1741801426565,82532.41,0.00249,False
1741801426565,82532.41,0.0001,False
1741801426565,82532.41,0.0001,False
1741801426565,82532.41,0.0001,False
1741801426565,82532.41,7e-05,False
1741801426565,82532.42,7e-05,False
1741801426565,82532.42,0.00056,False
1741801426565,82532.42,0.00013,False
1741801426565,82532.42,0.00014,False
1741801426565,82532.42,0.00014,False
1741801426565,82532.42,0.0001,False
1741801426565,82532.63,7e-05,False
1741801426565,82532.77,7e-05,False
1741801426565,82532.94,7e-05,False
1741801426565,82533.3,7e-05,False
1741801426565,82534.78,7e-05,False
1741801426618,82534.79,7e-05,False
1741801426618,82534.79,7e-05,False
1741801426618,82534.79,7e-05,False
1741801426618,82534.79,7e-05,False
1741801426618,82534.79,7e-05,False
1741801426618,82534.79,0.00054,False
1741801426618,82534.79,0.0001,False
1741801426815,82534.8,0.00054,False
1741801426815,82534.8,7e-05,False
1741801426815,82534.8,7e-05,False
1741801426815,82534.8,7e-05,False
1741801426815,82534.8,0.00013,False
1741801426815,82534.8,0.00024,False
1741801426815,82534.8,7e-05,False
1741801426815,82534.8,0.0001,False
1741801426815,82534.8,0.0001,False
1741801426815,82534.8,0.0001,False
1741801426815,82534.8,7e-05,False
1741801426815,82534.81,0.00054,False
1741801426815,82534.81,7e-05,False
1741801426815,82534.81,0.00013,False
1741801426815,82534.81,0.0001,False
1741801426815,82535.12,7e-05,False
1741801426815,82535.12,7e-05,False
1741801426815,82535.13,7e-05,False
1741801426815,82535.13,0.00639,False
1741801426815,82535.52,7e-05,False
1741801426815,82538.97,7e-05,False
1741801426865,82538.98,7e-05,False
1741801426865,82538.98,7e-05,False
1741801426865,82538.98,5e-05,False
1741801427115,82538.98,2e-05,False
1741801427115,82538.98,0.00051,False
1741801427115,82538.98,7e-05,False
1741801427115,82538.98,7e-05,False
1741801427115,82538.98,0.0001,False
1741801427115,82538.98,7e-05,False
1741801427115,82538.98,7e-05,False
1741801427115,82538.98,7e-05,False
1741801427115,82538.98,0.00014,False
1741801427115,82538.98,0.00014,False
1741801427115,82538.98,0.00014,False
1741801427115,82538.98,0.00014,False
1741801427115,82538.98,7e-05,False
1741801427115,82538.98,0.0194,False
1741801427115,82538.98,0.00177,False
1741801427115,82538.98,0.0001,False
1741801427115,82538.98,0.0001,False
1741801427115,82538.98,0.0001,False
1741801427115,82538.99,0.00018,False
1741801427115,82538.99,0.00051,False
1741801427115,82538.99,7e-05,False
1741801427115,82538.99,0.00014,False
1741801427115,82538.99,0.00014,False
1741801427115,82538.99,0.00014,False
1741801427115,82538.99,0.0001,False
1741801427115,82539.12,7e-05,False
1741801427115,82539.63,7e-05,False
1741801427115,82541.02,8e-05,False
1741801427115,82541.02,7e-05,False
1741801427115,82541.15,7e-05,False
1741801428079,82541.15,0.00118,True
1741801428750,82541.15,0.00024,True
1741801429747,82541.15,7e-05,True
1741801429747,82541.15,7e-05,True
1741801429747,82541.15,0.0002,True
1741801429747,82541.15,7e-05,True
1741801429747,82541.15,7e-05,True
1741801429747,82541.15,7e-05,True
1741801429747,82541.15,0.0002,True
1741801429747,82541.15,7e-05,True
1741801429747,82541.15,7e-05,True
1741801429747,82541.15,7e-05,True
1741801429747,82541.15,7e-05,True
1741801429747,82541.15,7e-05,True
1741801429747,82541.15,7e-05,True
1741801429747,82541.15,7e-05,True
1741801429747,82541.15,7e-05,True
1741801429747,82541.15,7e-05,True
1741801429747,82541.15,7e-05,True
1741801429747,82541.15,7e-05,True
1741801429747,82541.15,0.00013,True
1741801429747,82541.15,7e-05,True
1741801429747,82541.15,7e-05,True
1741801429747,82541.15,7e-05,True
1741801429747,82541.15,7e-05,True
1741801429747,82541.15,0.00022,True
1741801429747,82541.15,7e-05,True
1741801429747,82541.15,7e-05,True
1741801429747,82541.15,9e-05,True
1741801429747,82541.15,0.00027,True
1741801429747,82541.15,7e-05,True
1741801429747,82541.15,7e-05,True
1741801429747,82541.15,7e-05,True
1741801429747,82541.15,0.00345,True
1741801429747,82541.15,7e-05,True
1741801429747,82541.14,0.00014,True
1741801429747,82541.14,0.00014,True
1741801429747,82541.14,0.00013,True
1741801429747,82541.14,7e-05,True
1741801429747,82541.14,7e-05,True
1741801429747,82540.87,7e-05,True
1741801429747,82540.86,7e-05,True
1741801429747,82540.86,7e-05,True
1741801429781,82540.85,7e-05,True
1741801429781,82540.85,7e-05,True
1741801429781,82540.85,7e-05,True
1741801429781,82540.85,7e-05,True
1741801429781,82540.85,7e-05,True
1741801429781,82540.85,7e-05,True
1741801429781,82539.35,7e-05,True
1741801429781,82539.35,7e-05,True
1741801429781,82539.35,7e-05,True
1741801429781,82539.16,7e-05,True
1741801429781,82539.16,7e-05,True
1741801429781,82538.98,7e-05,True
1741801429781,82538.98,7e-05,True
1741801429781,82538.98,7e-05,True
1741801430342,82538.97,0.00345,True
1741801430710,82538.97,0.00012,True
1741801430710,82538.97,7e-05,True
1741801430710,82538.97,0.00127,True
1741801431514,82538.97,0.00732,True
1741801431532,82538.98,7e-05,False
1741801431532,82538.98,0.00013,False
1741801431615,82538.98,0.00304,False
1741801431615,82538.98,0.00013,False
1741801431615,82538.98,0.00039,False
1741801431615,82538.98,0.00088,False
1741801431615,82538.98,7e-05,False
1741801431615,82538.98,7e-05,False
1741801431615,82538.98,7e-05,False
1741801431615,82538.98,0.0001,False
1741801431615,82538.98,7e-05,False
1741801431615,82538.98,7e-05,False
1741801431615,82538.98,0.0001,False
1741801431615,82538.99,0.00014,False
1741801431615,82538.99,0.00014,False
1741801431615,82538.99,0.00014,False
1741801431615,82538.99,7e-05,False
1741801431615,82539.16,7e-05,False
1741801431615,82539.17,7e-05,False
1741801431615,82539.35,7e-05,False
1741801431615,82539.63,7e-05,False
1741801431615,82541.15,0.00011,False
1741801431615,82541.16,7e-05,False
1741801431615,82541.16,0.00232,False
1741801431615,82541.16,0.00101,False
1741801431615,82541.17,0.00011,False
1741801431615,82541.28,7e-05,False
1741801431615,82542.34,7e-05,False
1741801431615,82542.35,0.00504,False
1741801431615,82542.48,0.00504,False
1741801431615,82542.77,0.00506,False
1741801431615,82543.71,7e-05,False
1741801431628,82543.71,0.00031,True
1741801431939,82543.72,7e-05,False
1741801431939,82543.72,7e-05,False
1741801431939,82543.72,7e-05,False
1741801431939,82543.72,0.00232,False
1741801431939,82543.72,0.00014,False
1741801431939,82543.72,0.00013,False
1741801431939,82543.72,7e-05,False
1741801431939,82543.72,7e-05,False
1741801431939,82543.72,0.0169,False
1741801431939,82543.72,0.0001,False
1741801431939,82543.72,0.0001,False
1741801431939,82543.72,0.0001,False
1741801431939,82543.73,0.00013,False
1741801431939,82543.73,0.00014,False
1741801431939,82543.73,0.00013,False
1741801431939,82543.73,0.00013,False
1741801431939,82543.73,7e-05,False
1741801431939,82543.73,0.0001,False
1741801431939,82543.75,7e-05,False
1741801431939,82543.96,7e-05,False
1741801431939,82544.28,0.00027,False
1741801431939,82544.28,0.00027,False
1741801431939,82544.28,0.00016,False
1741801431939,82544.28,7e-05,False
1741801431939,82544.57,7e-05,False
1741801431939,82544.88,0.00104,False
1741801431939,82544.9,7e-05,False
1741801431939,82544.91,0.10024,False
1741801432035,82544.91,0.00019,False
1741801432135,82544.9,0.00718,True
1741801432469,82544.9,8e-05,True
1741801432629,82544.9,0.00031,True
1741801433047,82544.91,0.0002,False
1741801433631,82544.9,0.00031,True
1741801433706,82544.91,0.00028,False
1741801433730,82544.91,0.0003,False
1741801434634,82544.9,0.00031,True
1741801435048,82544.91,7e-05,False
1741801435096,82544.9,0.0002,True
1741801435096,82544.9,7e-05,True
1741801435096,82544.9,7e-05,True
1741801435096,82544.9,7e-05,True
1741801435096,82544.9,7e-05,True
1741801435096,82544.9,7e-05,True
1741801435096,82544.9,0.00187,True
1741801435159,82544.9,0.03325,True
1741801435160,82544.9,0.06488,True
1741801435160,82544.9,0.00014,True
1741801435160,82544.9,7e-05,True
1741801435160,82544.9,0.00072,True
1741801435160,82544.9,7e-05,True
1741801435160,82544.9,0.003,True
1741801435160,82544.9,0.00054,True
1741801435160,82544.9,0.0001,True
1741801435160,82544.9,7e-05,True
1741801435160,82544.9,7e-05,True
1741801435160,82544.9,7e-05,True
1741801435160,82544.9,7e-05,True
1741801435160,82544.9,7e-05,True
1741801435160,82544.9,0.0001,True
1741801435160,82544.89,0.00014,True
1741801435160,82544.89,7e-05,True
1741801435160,82544.89,0.00014,True
1741801435160,82544.89,7e-05,True
1741801435160,82544.89,0.00013,True
1741801435160,82544.89,0.00812,True
1741801435160,82544.89,0.00812,True
1741801435160,82544.89,0.00812,True
1741801435160,82544.89,0.00091,True
1741801435160,82544.71,7e-05,True
1741801435160,82544.71,7e-05,True
1741801435160,82544.59,7e-05,True
1741801435160,82544.59,7e-05,True
1741801435160,82544.58,7e-05,True
1741801435160,82544.58,7e-05,True
1741801435160,82544.57,7e-05,True
1741801435160,82544.56,7e-05,True
1741801435162,82544.28,0.00093,True
1741801435162,82544.28,7e-05,True
1741801435162,82544.28,0.0001,True
1741801435163,82544.2,0.003,True
1741801435163,82544.2,7e-05,True
1741801435166,82543.76,7e-05,True
1741801435166,82543.76,7e-05,True
1741801435169,82541.18,7e-05,True
1741801435169,82541.18,7e-05,True
1741801435169,82541.18,7e-05,True
1741801435198,82540.85,7e-05,True
1741801435198,82540.85,7e-05,True
1741801435198,82540.85,7e-05,True
1741801435198,82540.85,7e-05,True
1741801435198,82540.85,7e-05,True
1741801435198,82540.85,7e-05,True
1741801435198,82540.85,0.0001,True
1741801435198,82540.84,0.00014,True
1741801435198,82540.84,7e-05,True
1741801435198,82540.84,7e-05,True
1741801435198,82540.47,7e-05,True
1741801435198,82540.47,7e-05,True
1741801435198,82540.14,7e-05,True
1741801435198,82540.14,7e-05,True
1741801435198,82540.08,7e-05,True
1741801435198,82540.08,0.0002,True
1741801435198,82540.08,0.0002,True
1741801435198,82540.08,0.0002,True
1741801435198,82540.08,7e-05,True
1741801435198,82540.08,7e-05,True
1741801435198,82540.07,0.00504,True
1741801435198,82540.07,7e-05,True
1741801435198,82539.99,7e-05,True
1741801435198,82539.99,7e-05,True
1741801435215,82539.98,7e-05,True
1741801435215,82539.98,7e-05,True
1741801435215,82539.98,7e-05,True
1741801435215,82539.98,7e-05,True
1741801435215,82539.98,7e-05,True
1741801435215,82539.98,7e-05,True
1741801435215,82539.98,0.0001,True
1741801435215,82539.43,7e-05,True
1741801435215,82539.43,7e-05,True
1741801435215,82539.43,7e-05,True
1741801435215,82538.97,0.00086,True
1741801435215,82538.97,0.00132,True
1741801435215,82538.97,7e-05,True
1741801435215,82538.97,7e-05,True
1741801435215,82537.99,0.00013,True
1741801435215,82537.99,7e-05,True
1741801435215,82537.99,7e-05,True
1741801435217,82537.5,7e-05,True
1741801435217,82537.5,7e-05,True
1741801435217,82537.5,0.0001,True
1741801435217,82537.11,7e-05,True
1741801435217,82536.8,7e-05,True
1741801435217,82536.8,7e-05,True
1741801435276,82536.8,0.00156,False
1741801435433,82536.79,7e-05,True
1741801435433,82536.79,7e-05,True
1741801435433,82536.79,7e-05,True
1741801435433,82536.79,7e-05,True
1741801435433,82536.79,2e-05,True
1741801435541,82536.79,5e-05,True
1741801435541,82536.79,0.00304,True
1741801435541,82536.79,7e-05,True
1741801435541,82536.79,0.00101,True
1741801435541,82536.79,0.0001,True
1741801435541,82536.79,0.00013,True
1741801435541,82536.79,7e-05,True
1741801435541,82536.79,7e-05,True
1741801435541,82536.79,7e-05,True
1741801435541,82536.79,7e-05,True
1741801435541,82536.79,0.00017,True
1741801435541,82536.79,0.00017,True
1741801435541,82536.79,0.00017,True
1741801435541,82536.78,0.0002,True
1741801435541,82536.78,0.00013,True
1741801435541,82536.78,0.00013,True
1741801435541,82536.78,7e-05,True
1741801435541,82536.78,7e-05,True
1741801435541,82536.78,0.00014,True
1741801435541,82536.35,7e-05,True
1741801435541,82536.35,7e-05,True
1741801435541,82536.35,7e-05,True
1741801435541,82535.21,7e-05,True
1741801435541,82535.21,7e-05,True
1741801435541,82535.2,7e-05,True
1741801435541,82535.2,7e-05,True
1741801435541,82535.2,7e-05,True
1741801435541,82535.17,7e-05,True
1741801435541,82535.16,7e-05,True
1741801435541,82534.79,7e-05,True
1741801435541,82534.79,7e-05,True
1741801435541,82534.78,0.00025,True
1741801435541,82534.78,0.00812,True
1741801435541,82534.78,0.00812,True
1741801435541,82534.78,0.00812,True
1741801435541,82534.78,0.00812,True
1741801435541,82534.78,0.00013,True
1741801435541,82534.71,7e-05,True
1741801435541,82533.97,8e-05,True
1741801435541,82533.46,7e-05,True
1741801435541,82533.46,9e-05,True
1741801435648,82533.45,0.00031,True
1741801436916,82533.45,7e-05,True
1741801436916,82533.45,7e-05,True
1741801436916,82533.45,0.00014,True
1741801436916,82533.45,7e-05,True
1741801436916,82533.45,7e-05,True
1741801436916,82533.45,7e-05,True
1741801436916,82533.45,7e-05,True
1741801436916,82533.45,0.0001,True
1741801436916,82533.45,0.0001,True
1741801436916,82533.45,0.0001,True
1741801436916,82533.45,0.0001,True
1741801436916,82533.45,0.0001,True
1741801436916,82533.45,0.0001,True
1741801436916,82533.45,7e-05,True
1741801436916,82533.45,0.0001,True
1741801436916,82533.45,0.0001,True
1741801436916,82533.45,0.0001,True
1741801436916,82533.45,0.0001,True
1741801436916,82533.45,7e-05,True
1741801436916,82533.45,0.0001,True
1741801436916,82533.45,0.00016,True
1741801436916,82533.45,0.00016,True
1741801436916,82533.45,0.00016,True
1741801436916,82533.44,0.00017,True
1741801436916,82533.44,7e-05,True
1741801436916,82533.44,7e-05,True
1741801436916,82533.44,0.00013,True
1741801436916,82533.44,0.00014,True
1741801436916,82533.44,0.00013,True
1741801436916,82533.07,7e-05,True
1741801436916,82533.07,7e-05,True
1741801436916,82532.89,7e-05,True
1741801436916,82532.89,7e-05,True
1741801436916,82532.24,7e-05,True
1741801436916,82532.24,7e-05,True
1741801436916,82532.24,7e-05,True
1741801436916,82531.82,7e-05,True
1741801436916,82531.81,7e-05,True
1741801436916,82531.73,7e-05,True
1741801436916,82531.65,9e-05,True
1741801436916,82531.64,0.00011,True
1741801436916,82531.41,7e-05,True
1741801436916,82530.02,0.00237,True
1741801436916,82530.0,9e-05,True
1741801436916,82529.89,0.00012,True
1741801436916,82528.67,0.00013,True
1741801436916,82528.19,7e-05,True
1741801436916,82528.18,0.00505,True
1741801436916,82528.13,0.00011,True
1741801436916,82528.12,7e-05,True
1741801437016,82528.11,7e-05,True
1741801437016,82528.11,7e-05,True
1741801437016,82528.11,7e-05,True
1741801437016,82528.11,7e-05,True
1741801437016,82528.11,7e-05,True
1741801437016,82528.11,0.00014,True
1741801437016,82528.11,0.0001,True
1741801437016,82528.11,7e-05,True
1741801437016,82528.1,0.00026,True
1741801437016,82528.1,0.00014,True
1741801437016,82528.1,7e-05,True
1741801437016,82528.1,7e-05,True
1741801437016,82527.8,0.00029,True
1741801437016,82527.8,0.00029,True
1741801437016,82527.8,0.00029,True
1741801437016,82527.8,7e-05,True
1741801437016,82527.8,7e-05,True
1741801437016,82527.79,7e-05,True
1741801437016,82527.79,7e-05,True
1741801437016,82527.26,7e-05,True
1741801437016,82527.26,7e-05,True
1741801437016,82526.9,7e-05,True
1741801437016,82526.9,7e-05,True
1741801437016,82526.86,7e-05,True
1741801437016,82525.42,0.00033,True
1741801437016,82525.23,7e-05,True
1741801437087,82524.96,7e-05,True
1741801437087,82524.96,7e-05,True
1741801437087,82524.96,7e-05,True
1741801437087,82524.96,0.0001,True
1741801437087,82524.96,7e-05,True
1741801437087,82524.96,7e-05,True
1741801437087,82524.96,7e-05,True
1741801437087,82524.95,0.00016,True
1741801437087,82524.95,7e-05,True
1741801437087,82524.95,7e-05,True
1741801437087,82524.95,0.00014,True
1741801437087,82524.95,0.00013,True
1741801437087,82524.24,7e-05,True
1741801437087,82524.24,7e-05,True
1741801437087,82524.24,7e-05,True
1741801437087,82524.23,0.10086,True
1741801437115,82524.23,7e-05,True
1741801437115,82524.23,7e-05,True
1741801437115,82524.23,7e-05,True
1741801437115,82524.23,7e-05,True
1741801437115,82524.23,7e-05,True
1741801437115,82524.23,7e-05,True
1741801437115,82524.23,0.0001,True
1741801437115,82524.02,0.00019,True
1741801437115,82524.02,0.00019,True
1741801437115,82524.02,0.00019,True
1741801437115,82524.02,7e-05,True
1741801437115,82524.02,7e-05,True
1741801437115,82524.01,0.00011,True
1741801437115,82524.01,7e-05,True
1741801437115,82524.01,7e-05,True
1741801437115,82523.98,0.00077,True
1741801437115,82523.98,7e-05,True
1741801437115,82523.98,7e-05,True
1741801437115,82523.77,7e-05,True
1741801437115,82523.77,7e-05,True
1741801437115,82523.77,7e-05,True
1741801437133,82523.76,0.0001,True
1741801437133,82523.76,7e-05,True
1741801437133,82523.76,7e-05,True
1741801437133,82523.76,7e-05,True
1741801437133,82523.76,7e-05,True
1741801437133,82523.76,7e-05,True
1741801437133,82523.76,7e-05,True
1741801437133,82523.75,0.00013,True
1741801437133,82523.75,7e-05,True
1741801437133,82523.75,7e-05,True
1741801437135,82523.74,7e-05,True
1741801437135,82523.74,7e-05,True
1741801437135,82523.17,7e-05,True
1741801437135,82523.17,7e-05,True
1741801437135,82523.08,0.00017,True
1741801437135,82523.08,7e-05,True
1741801437135,82523.08,7e-05,True
1741801437135,82523.07,0.00078,True
1741801437135,82523.07,7e-05,True
1741801437135,82523.07,7e-05,True
1741801437608,82523.07,0.00019,False
1741801437640,82523.06,0.00105,True
1741801437734,82523.06,0.0456,True
1741801437735,82523.06,0.05517,True
1741801437736,82523.06,0.01411,True
1741801437736,82523.06,0.03155,True
1741801437736,82523.06,0.0325,True
1741801437736,82523.06,0.0041,True
1741801437736,82523.06,0.00472,True
1741801437736,82523.06,0.00666,True
1741801437736,82523.06,0.00042,True
1741801437736,82523.06,7e-05,True
1741801437736,82523.06,7e-05,True
1741801437736,82523.06,7e-05,True
1741801437736,82523.06,7e-05,True
1741801437736,82523.06,0.00014,True
1741801437736,82523.06,7e-05,True
1741801437736,82523.06,7e-05,True
1741801437736,82523.06,0.0001,True
1741801437736,82523.06,0.0001,True
1741801437736,82523.05,0.00013,True
1741801437736,82523.05,0.00014,True
1741801437736,82523.05,7e-05,True
1741801437736,82523.05,7e-05,True
1741801437736,82523.05,0.00013,True
1741801437736,82523.04,0.0001,True
1741801437736,82523.04,7e-05,True
1741801437736,82523.04,7e-05,True
1741801437737,82522.75,7e-05,True
1741801437737,82522.75,3e-05,True
1741801437739,82522.75,4e-05,True
1741801437742,82522.39,7e-05,True
1741801437742,82522.39,7e-05,True
1741801437742,82522.36,7e-05,True
1741801437742,82522.36,7e-05,True
1741801437742,82522.36,7e-05,True
1741801437742,82522.03,7e-05,True
1741801437742,82522.03,7e-05,True
1741801437742,82521.36,7e-05,True
1741801437742,82521.36,7e-05,True
1741801437745,82521.35,7e-05,True
1741801437745,82521.35,7e-05,True
1741801437745,82520.66,9e-05,True
1741801437745,82520.66,7e-05,True
1741801437748,82520.02,0.00237,True
1741801437748,82520.02,7e-05,True
1741801437748,82520.02,7e-05,True
1741801437750,82519.97,7e-05,True
1741801437750,82519.97,7e-05,True
1741801437750,82519.43,7e-05,True
1741801437750,82519.43,7e-05,True
1741801437750,82519.25,8e-05,True
1741801437750,82519.25,7e-05,True
1741801437750,82519.25,7e-05,True
1741801437752,82519.25,0.003,False
1741801438020,82519.25,0.00055,False
1741801438175,82519.25,0.0005,False
1741801438311,82519.24,8e-05,True
1741801438323,82519.24,0.00121,True
1741801438401,82519.24,0.00012,True
1741801439441,82519.25,0.00012,False
1741801440043,82519.25,0.00015,False
1741801440044,82519.25,0.00016,False
1741801440285,82519.24,0.00023,True
1741801440321,82519.25,8e-05,False
1741801440840,82519.24,0.00618,True
1741801441683,82519.24,0.0003,True
1741801442278,82519.24,0.00177,True
1741801442292,82519.24,9e-05,True
1741801442451,82519.24,0.00099,True
1741801442588,82519.24,0.0002,True
1741801442835,82519.24,0.00013,True
1741801442965,82519.25,0.0005,False
1741801443458,82519.24,0.00032,True
1741801443553,82519.25,0.00028,False
1741801443616,82519.25,0.00064,False
1741801443713,82519.24,0.00288,True
1741801444301,82519.24,0.00019,True
1741801444472,82519.24,7e-05,True
1741801444567,82519.24,0.01418,True
1741801445160,82519.25,0.0007,False
1741801445844,82519.25,0.00286,False
1741801445879,82519.25,0.00023,False
1741801446264,82519.24,0.00594,True
1741801446331,82519.24,0.00095,True
1741801446557,82519.24,0.07271,True
1741801446604,82519.24,0.00014,True
1741801446734,82519.25,0.00026,False
1741801446845,82519.25,0.00059,False
1741801447483,82519.25,7e-05,False
1741801447483,82519.25,0.00013,False
1741801447483,82519.25,3e-05,False
1741801447563,82519.25,0.00017,False
1741801447563,82519.25,0.0002,False
1741801447563,82519.25,0.04242,False
1741801447563,82519.25,0.03064,False
1741801447563,82519.25,0.0002,False
1741801447563,82519.25,0.0001,False
1741801447563,82519.25,7e-05,False
1741801447563,82519.25,7e-05,False
1741801447563,82519.25,7e-05,False
1741801447563,82519.25,7e-05,False
1741801447563,82519.25,0.0001,False
1741801447563,82519.25,0.00078,False
1741801447563,82519.25,7e-05,False
1741801447563,82519.25,0.00025,False
1741801447563,82519.25,0.00606,False
1741801447563,82519.25,0.0001,False
1741801447563,82519.25,7e-05,False
1741801447563,82519.25,7e-05,False
1741801447563,82519.25,7e-05,False
1741801447563,82519.25,7e-05,False
1741801447563,82519.25,7e-05,False
1741801447563,82519.25,0.0001,False
1741801447563,82519.25,7e-05,False
1741801447563,82519.25,0.0001,False
1741801447563,82519.25,0.0001,False
1741801447563,82519.25,7e-05,False
1741801447563,82519.25,0.0001,False
1741801447563,82519.25,7e-05,False
1741801447563,82519.25,7e-05,False
1741801447563,82519.25,0.00545,False
1741801447563,82519.25,0.0001,False
1741801447563,82519.25,7e-05,False
1741801447563,82519.25,0.0001,False
1741801447563,82519.25,7e-05,False
1741801447563,82519.25,7e-05,False
1741801447563,82519.25,7e-05,False
1741801447563,82519.25,0.0001,False
1741801447563,82519.25,0.0001,False
1741801447563,82519.26,0.00014,False
1741801447563,82519.26,0.00014,False
1741801447563,82519.26,0.00013,False
1741801447563,82519.26,7e-05,False
1741801447565,82519.67,7e-05,False
1741801447565,82519.67,0.0001,False
1741801447565,82519.88,7e-05,False
1741801447565,82519.88,7e-05,False
1741801447660,82522.74,0.00712,True
1741801447660,82522.74,0.00402,True
1741801447822,82522.74,0.00109,True
1741801447828,82522.74,0.02612,True
1741801447832,82522.74,0.01918,True
1741801447832,82522.74,0.0414,True
1741801447832,82522.74,0.0895,True
1741801447832,82522.74,0.0001,True
1741801447832,82522.74,7e-05,True
1741801447832,82522.74,7e-05,True
1741801447832,82522.74,7e-05,True
1741801447832,82522.74,7e-05,True
1741801447832,82522.74,7e-05,True
1741801447832,82522.74,7e-05,True
1741801447832,82522.74,7e-05,True
1741801447832,82522.74,7e-05,True
1741801447832,82522.74,0.0001,True
1741801447832,82522.74,7e-05,True
1741801447832,82522.74,7e-05,True
1741801447832,82522.74,7e-05,True
1741801447832,82522.74,7e-05,True
1741801447832,82522.74,7e-05,True
1741801447832,82522.74,0.00012,True
1741801447832,82522.74,7e-05,True
1741801447832,82522.74,7e-05,True
1741801447832,82522.74,7e-05,True
1741801447832,82522.74,0.00013,True
1741801447832,82522.74,0.01352,True
1741801447833,82522.74,7e-05,True
1741801447833,82522.74,0.0001,True
1741801447833,82522.74,0.0001,True
1741801447833,82522.74,7e-05,True
1741801447833,82522.74,7e-05,True
1741801447833,82522.74,0.0001,True
1741801447833,82522.74,7e-05,True
1741801447843,82522.73,0.00013,True
1741801447843,82522.73,0.00013,True
1741801447843,82522.73,0.00014,True
1741801447843,82522.73,7e-05,True
1741801447843,82522.73,7e-05,True
1741801447843,82522.73,0.0001,True
1741801447843,82522.73,0.0001,True
1741801447843,82522.73,0.0001,True
1741801447843,82522.73,7e-05,True
1741801447843,82522.73,7e-05,True
1741801447843,82522.73,7e-05,True
1741801447843,82522.73,7e-05,True
1741801447843,82522.72,0.0001,True
1741801447843,82521.61,7e-05,True
1741801447843,82521.61,7e-05,True
1741801447843,82521.6,7e-05,True
1741801447843,82521.6,7e-05,True
1741801447843,82521.32,7e-05,True
1741801447843,82521.32,7e-05,True
1741801447843,82521.31,7e-05,True
1741801447843,82521.31,7e-05,True
1741801447843,82521.15,0.00012,True
1741801447843,82521.11,7e-05,True
1741801447843,82519.67,7e-05,True
1741801447873,82519.66,7e-05,True
1741801447873,82519.66,7e-05,True
1741801447873,82519.66,7e-05,True
1741801447873,82519.66,7e-05,True
1741801447873,82519.66,0.0001,True
1741801447873,82519.66,0.0001,True
1741801447873,82519.66,0.0001,True
1741801447873,82519.66,7e-05,True
1741801447873,82519.66,7e-05,True
1741801447873,82519.65,0.0001,True
1741801447873,82519.65,7e-05,True
1741801447873,82519.65,7e-05,True
1741801447873,82519.38,7e-05,True
1741801447873,82519.38,7e-05,True
1741801447873,82519.37,7e-05,True
1741801447873,82519.37,7e-05,True
1741801447873,82519.26,7e-05,True
1741801447873,82519.26,7e-05,True
1741801447873,82519.26,7e-05,True
1741801447873,82519.26,0.00023,True
1741801447873,82519.26,0.00023,True
1741801447898,82519.25,0.00021,True
1741801447898,82519.25,0.00023,True
1741801447898,82519.25,0.07134,True
1741801447898,82519.25,0.03852,True
1741801447898,82519.25,7e-05,True
1741801447898,82519.25,7e-05,True
1741801447898,82519.25,0.0001,True
1741801447898,82519.25,7e-05,True
1741801447898,82519.25,7e-05,True
1741801447898,82519.25,7e-05,True
1741801447898,82519.25,7e-05,True
1741801447898,82519.25,7e-05,True
1741801447898,82519.25,0.0001,True
1741801447898,82519.25,0.0001,True
1741801447898,82519.24,0.13411,True
1741801447898,82519.24,0.00038,True
1741801447898,82519.24,0.00021,True
1741801447898,82519.24,0.01611,True
1741801447898,82519.24,7e-05,True
1741801447898,82519.24,7e-05,True
1741801447899,82519.23,0.00019,True
1741801447899,82519.23,7e-05,True
1741801447899,82519.23,7e-05,True
1741801447899,82519.2,0.003,True
1741801447899,82519.2,0.003,True
1741801447899,82519.2,7e-05,True
1741801447899,82519.2,7e-05,True
1741801447899,82519.07,7e-05,True
1741801447899,82519.07,7e-05,True
1741801447900,82518.3,7e-05,True
1741801447900,82518.28,0.00022,True
1741801447900,82518.28,7e-05,True
1741801447901,82517.88,0.0058,True
1741801447901,82517.88,3e-05,True
1741801447901,82517.88,7e-05,True
1741801447901,82517.34,0.00034,True
1741801447916,82517.05,8e-05,True
1741801447916,82517.05,7e-05,True
1741801447916,82517.05,7e-05,True
1741801447916,82517.05,7e-05,True
1741801447916,82517.05,0.0001,True
1741801447916,82517.05,7e-05,True
1741801447916,82517.05,7e-05,True
1741801447916,82517.05,0.0001,True
1741801447916,82517.05,0.0001,True
1741801447916,82517.05,7e-05,True
1741801447916,82517.04,0.00011,True
1741801447916,82517.04,7e-05,True
1741801447916,82517.04,7e-05,True
1741801447916,82517.04,0.00014,True
1741801447916,82516.54,7e-05,True
1741801447916,82516.54,7e-05,True
1741801447916,82516.53,7e-05,True
1741801447916,82516.53,7e-05,True
1741801447916,82516.18,0.0001,True
1741801447916,82516.18,0.00016,True
1741801447916,82516.18,0.00016,True
1741801447916,82516.18,0.00016,True
1741801447916,82516.18,7e-05,True
1741801447916,82516.18,7e-05,True
1741801447916,82515.62,7e-05,True
1741801447916,82515.49,7e-05,True
1741801447916,82514.34,7e-05,True
1741801447916,82512.89,0.0001,True
1741801447916,82512.7,0.00013,True
1741801447916,82512.23,7e-05,True
1741801447916,82512.22,0.00502,True
1741801447916,82511.66,7e-05,True
1741801447916,82511.46,0.00013,True
1741801447916,82510.78,7e-05,True
1741801448050,82510.77,7e-05,True
1741801448050,82510.77,7e-05,True
1741801448050,82510.77,7e-05,True
1741801448050,82510.77,0.00498,True
1741801448051,82510.77,0.0231,True
1741801448057,82510.77,0.00737,True
1741801448060,82510.77,0.01382,True
1741801448061,82510.77,0.00725,True
1741801448061,82510.77,0.00393,True
1741801448382,82510.77,0.00926,True
1741801448392,82510.77,0.06196,True
1741801448394,82510.77,0.02048,True
1741801448402,82510.77,7e-05,True
1741801448402,82510.77,7e-05,True
1741801448402,82510.77,7e-05,True
1741801448402,82510.77,0.00013,True
1741801448402,82510.77,0.00018,True
1741801448402,82510.77,7e-05,True
1741801448402,82510.77,7e-05,True
1741801448402,82510.77,7e-05,True
1741801448402,82510.77,0.0001,True
1741801448402,82510.77,0.0001,True
1741801448404,82510.76,0.00031,True
1741801448404,82510.76,7e-05,True
1741801448404,82510.76,7e-05,True
1741801448404,82510.76,0.00014,True
1741801448404,82510.76,0.00013,True
1741801448404,82510.76,0.00013,True
1741801448404,82510.53,0.00047,True
1741801448404,82510.53,0.00028,True
1741801448404,82510.53,0.00028,True
1741801448404,82510.53,7e-05,True
1741801448404,82510.53,7e-05,True
1741801448404,82510.52,7e-05,True
1741801448404,82510.52,7e-05,True
1741801448406,82510.3,7e-05,True
1741801448406,82510.3,7e-05,True
1741801448406,82510.03,0.00237,True
1741801448406,82510.03,7e-05,True
1741801448406,82510.03,7e-05,True
1741801448408,82510.01,7e-05,True
1741801448408,82510.01,7e-05,True
1741801448408,82508.84,7e-05,True
1741801448408,82508.84,7e-05,True
1741801448408,82508.78,7e-05,True
1741801448408,82508.78,7e-05,True
1741801448412,82508.68,0.003,True
1741801448412,82508.68,7e-05,True
1741801448412,82508.68,7e-05,True
1741801448412,82508.68,7e-05,True
1741801448412,82508.68,7e-05,True
1741801448412,82508.68,7e-05,True
1741801448412,82508.68,7e-05,True
1741801448412,82508.68,0.0001,True
1741801448412,82508.67,0.0001,True
1741801448412,82508.37,7e-05,True
1741801448414,82508.0,0.0001,True
1741801448414,82508.0,7e-05,True
1741801448414,82508.0,7e-05,True
1741801448414,82506.69,0.00047,True
1741801448432,82506.68,0.00019,True
1741801448432,82506.68,0.00019,True
1741801448432,82506.68,7e-05,True
1741801448432,82506.68,0.0001,True
1741801448432,82506.68,0.0001,True
1741801448432,82506.68,0.0001,True
1741801448432,82506.68,7e-05,True
1741801448432,82506.68,7e-05,True
1741801448432,82506.68,7e-05,True
1741801448432,82506.68,7e-05,True
1741801448432,82506.68,7e-05,True
1741801448432,82506.67,0.0001,True
1741801448432,82506.67,0.0001,True
1741801448432,82506.67,7e-05,True
1741801448432,82506.67,7e-05,True
1741801448432,82506.46,7e-05,True
1741801448432,82506.46,0.00022,True
1741801448432,82506.46,7e-05,True
1741801448432,82506.46,7e-05,True
1741801449150,82506.45,0.22298,True
1741801449150,82506.45,7e-05,True
1741801449150,82506.45,7e-05,True
1741801449150,82506.45,7e-05,True
1741801449150,82506.45,7e-05,True
1741801449150,82506.45,7e-05,True
1741801449150,82506.45,7e-05,True
1741801449150,82506.45,0.00014,True
1741801449150,82506.45,0.0001,True
1741801449150,82506.44,0.00014,True
1741801449150,82506.44,7e-05,True
1741801449150,82506.44,7e-05,True
1741801449150,82506.44,0.00013,True
1741801449150,82506.44,0.00014,True
1741801449150,82506.24,0.00026,True
1741801449150,82506.24,7e-05,True
1741801449150,82506.24,7e-05,True
1741801449150,82506.23,7e-05,True
1741801449150,82506.23,7e-05,True
1741801449150,82505.94,0.00032,True
1741801449150,82505.94,7e-05,True
1741801449150,82505.94,7e-05,True
1741801449150,82505.8,7e-05,True
1741801449150,82505.56,7e-05,True
1741801449150,82505.56,7e-05,True
1741801449150,82505.55,0.00666,True
1741801449150,82505.55,7e-05,True
1741801449151,82504.76,8e-05,True
1741801449151,82504.2,0.00016,True
1741801449151,82504.19,0.00018,True
1741801449151,82504.0,0.0001,True
1741801449151,82503.56,0.00029,True
1741801449151,82503.56,0.00016,True
1741801449151,82503.55,7e-05,True
1741801449151,82503.54,0.0072,True
1741801449155,82502.46,0.00021,True
1741801449155,82502.46,0.00021,True
1741801449155,82502.02,0.00015,True
1741801449155,82502.01,0.0001,True
1741801449155,82502.01,7e-05,True
1741801449155,82502.0,0.00237,True
1741801449161,82502.0,0.0056,True
1741801449171,82502.0,0.01627,True
1741801449171,82502.0,7e-05,True
1741801449171,82502.0,7e-05,True
1741801449171,82502.0,7e-05,True
1741801449171,82502.0,7e-05,True
1741801449171,82502.0,7e-05,True
1741801449171,82502.0,7e-05,True
1741801449171,82502.0,0.0001,True
1741801449171,82502.0,0.0001,True
1741801449171,82502.0,0.0001,True
1741801449171,82501.99,0.00024,True
1741801449171,82501.09,7e-05,True
1741801449171,82501.09,7e-05,True
1741801449171,82500.85,0.00012,True
1741801449171,82500.85,7e-05,True
1741801449171,82500.85,7e-05,True
1741801449171,82500.84,0.00013,True
1741801449171,82500.84,7e-05,True
1741801449171,82500.84,7e-05,True
1741801449171,82500.83,7e-05,True
1741801449171,82500.82,0.00564,True
1741801449171,82500.82,7e-05,True
1741801449171,82500.82,7e-05,True
1741801449171,82500.32,0.00013,True
1741801449171,82500.32,7e-05,True
1741801449171,82500.04,0.00237,True
1741801449171,82500.04,7e-05,True
1741801449171,82500.02,8e-05,True
1741801449171,82500.02,7e-05,True
1741801449171,82500.01,0.00011,True
1741801449171,82500.01,7e-05,True
1741801449196,82500.0,0.0001,True
1741801449196,82500.0,0.0001,True
1741801449196,82500.0,0.0398,True
1741801449217,82500.0,0.00291,True
1741801449217,82500.0,8e-05,True
1741801449217,82500.0,7e-05,True
1741801449217,82500.0,0.0001,True
1741801449217,82500.0,0.0001,True
1741801449217,82500.0,0.0001,True
1741801449217,82500.0,7e-05,True
1741801449217,82500.0,7e-05,True
1741801449217,82500.0,7e-05,True
1741801449217,82500.0,0.0001,True
1741801449217,82500.0,7e-05,True
1741801449217,82500.0,0.00026,True
1741801449217,82500.0,0.00013,True
1741801449217,82500.0,0.00013,True
1741801449217,82500.0,0.00018,True
1741801449217,82500.0,7e-05,True
1741801449217,82500.0,7e-05,True
1741801449217,82500.0,7e-05,True
1741801449217,82500.0,7e-05,True
1741801449217,82500.0,0.00014,True
1741801449245,82499.99,0.00483,True
1741801449284,82499.99,0.00552,True
1741801449286,82499.99,0.00848,True
1741801449315,82499.99,0.02459,True
1741801449321,82499.99,7e-05,True
1741801449342,82499.99,0.02648,True
1741801449342,82499.99,7e-05,True
1741801449342,82499.99,0.00013,True
1741801449342,82499.99,0.0001,True
1741801449342,82499.99,0.0001,True
1741801449342,82499.99,0.0001,True
1741801449342,82499.99,7e-05,True
1741801449342,82499.99,7e-05,True
1741801449342,82499.99,7e-05,True
1741801449342,82499.99,7e-05,True
1741801449342,82499.99,7e-05,True
1741801449342,82499.98,0.0001,True
1741801449342,82499.98,7e-05,True
1741801449342,82499.98,7e-05,True
1741801449342,82499.98,0.00014,True
1741801449342,82498.54,7e-05,True
1741801449342,82498.54,7e-05,True
1741801449342,82498.5,7e-05,True
1741801449342,82498.5,7e-05,True
1741801449342,82498.49,0.00013,True
1741801449342,82498.49,7e-05,True
1741801449342,82498.49,7e-05,True
1741801449342,82497.86,7e-05,True
1741801449342,82497.5,7e-05,True
1741801449342,82497.18,7e-05,True
1741801449342,82496.01,0.0002,True
1741801449342,82496.01,0.0002,True
1741801449342,82496.01,0.00014,True
1741801449342,82496.01,0.0002,True
1741801449342,82496.0,0.0001,True
1741801449342,82495.09,0.0001,True
1741801449342,82495.08,0.00013,True
1741801449342,82494.88,0.00013,True
1741801449342,82494.59,7e-05,True
1741801449342,82494.59,0.00013,True
1741801449342,82494.59,0.0001,True
1741801449432,82494.58,0.03453,True
1741801449432,82494.58,0.01993,True
1741801449433,82494.58,0.02954,True
1741801449433,82494.58,7e-05,True
1741801449433,82494.58,7e-05,True
1741801449433,82494.58,7e-05,True
1741801449433,82494.58,7e-05,True
1741801449433,82494.58,7e-05,True
1741801449433,82494.58,7e-05,True
1741801449433,82494.58,0.01454,True
1741801449433,82494.58,0.00013,True
1741801449433,82494.58,0.0001,True
1741801449433,82494.58,0.0001,True
1741801449433,82494.58,0.0001,True
1741801449433,82494.57,0.00027,True
1741801449433,82494.57,7e-05,True
1741801449433,82494.57,7e-05,True
1741801449433,82494.57,0.00014,True
1741801449433,82494.57,0.00013,True
1741801449433,82494.57,0.0001,True
1741801449433,82494.48,0.003,True
1741801449433,82494.48,7e-05,True
1741801449433,82494.48,7e-05,True
1741801449433,82493.99,8e-05,True
1741801449433,82493.99,7e-05,True
1741801449433,82493.99,7e-05,True
1741801449433,82493.24,7e-05,True
1741801449433,82493.24,7e-05,True
1741801449433,82492.1,0.00029,True
1741801449433,82492.1,7e-05,True
1741801449433,82492.0,0.0001,True
1741801449433,82492.0,7e-05,True
1741801449445,82491.03,7e-05,True
1741801449445,82491.03,7e-05,True
1741801449445,82491.03,7e-05,True
1741801449445,82491.03,7e-05,True
1741801449445,82491.03,7e-05,True
1741801449445,82491.03,7e-05,True
1741801449445,82491.03,0.0001,True
1741801449445,82491.02,0.00018,True
1741801449450,82490.77,0.00038,True
1741801449450,82490.77,0.00026,True
1741801449450,82490.77,7e-05,True
1741801449450,82490.77,7e-05,True
1741801449450,82490.07,0.00014,True
1741801449450,82490.07,7e-05,True
1741801449450,82490.07,7e-05,True
1741801449450,82490.06,0.00237,True
1741801449450,82490.06,7e-05,True
1741801449450,82490.06,7e-05,True
1741801449450,82489.94,0.003,True
1741801449450,82489.94,7e-05,True
1741801449450,82489.94,7e-05,True
1741801449450,82489.55,7e-05,True
1741801449450,82489.55,7e-05,True
1741801449450,82489.44,7e-05,True
1741801449450,82488.71,0.00013,True
1741801449450,82488.71,7e-05,True
1741801449450,82488.08,7e-05,True
1741801449450,82488.07,0.00019,True
1741801449450,82488.07,0.00023,True
1741801449450,82488.07,0.00023,True
1741801449450,82488.0,0.0001,True
1741801449450,82488.0,0.002,True
1741801449450,82487.94,0.00013,True
1741801449450,82487.02,0.00013,True
1741801449450,82486.76,7e-05,True
1741801449450,82486.76,7e-05,True
1741801449450,82486.75,0.02602,True
1741801449567,82486.76,0.00025,False
1741801449568,82486.76,0.00025,False
1741801449570,82486.76,0.00025,False
1741801449570,82486.76,0.00025,False
1741801449793,82486.76,0.01,False
1741801449979,82486.76,9e-05,False
1741801450025,82486.75,7e-05,True
1741801450025,82486.75,7e-05,True
1741801450025,82486.75,0.0002,True
1741801450025,82486.75,0.03188,True
1741801450025,82486.75,7e-05,True
1741801450025,82486.75,7e-05,True
1741801450025,82486.75,0.00046,True
1741801450025,82486.75,7e-05,True
1741801450025,82486.75,0.00013,True
1741801450025,82486.75,7e-05,True
1741801450025,82486.75,7e-05,True
1741801450025,82486.75,0.00013,True
1741801450025,82486.75,0.0001,True
1741801450025,82486.75,0.0001,True
1741801450025,82486.75,0.0001,True
1741801450025,82486.75,0.0036,True
1741801450025,82486.74,0.00014,True
1741801450025,82486.74,7e-05,True
1741801450025,82486.74,7e-05,True
1741801450025,82486.74,0.00014,True
1741801450025,82486.74,0.0001,True
1741801450025,82486.73,0.00014,True
1741801450025,82485.99,7e-05,True
1741801450025,82485.99,7e-05,True
1741801450025,82485.98,7e-05,True
1741801450025,82485.98,7e-05,True
1741801450025,82485.41,0.00028,True
1741801450025,82485.41,7e-05,True
1741801450025,82485.41,7e-05,True
1741801450025,82485.4,7e-05,True
1741801450025,82485.19,0.00018,True
1741801450025,82485.19,7e-05,True
1741801450025,82485.19,0.00054,True
1741801450025,82485.18,7e-05,True
1741801450025,82484.91,0.00013,True
1741801450025,82484.36,0.00013,True
1741801450025,82484.01,7e-05,True
1741801450025,82484.0,0.0001,True
1741801450025,82484.0,0.002,True
1741801450025,82484.0,0.003,True
1741801450025,82483.85,0.0003,True
1741801450025,82483.64,0.0001,True
1741801450025,82482.62,0.00145,True
1741801450025,82482.59,0.00013,True
1741801450025,82482.07,0.00016,True
1741801450025,82482.06,7e-05,True
1741801450025,82482.01,9e-05,True
1741801450025,82482.01,7e-05,True
1741801450515,82482.0,0.02424,True
1741801450515,82482.0,7e-05,True
1741801450515,82482.0,7e-05,True
1741801450515,82482.0,7e-05,True
1741801450515,82482.0,7e-05,True
1741801450515,82482.0,7e-05,True
1741801450515,82482.0,0.00014,True
1741801450515,82482.0,7e-05,True
1741801450515,82482.0,0.0001,True
1741801450515,82482.0,0.0001,True
1741801450515,82482.0,0.0001,True
1741801450515,82481.99,0.00017,True
1741801450515,82481.99,0.00014,True
1741801450515,82481.99,7e-05,True
1741801450515,82481.99,7e-05,True
1741801450515,82481.99,0.0001,True
1741801450515,82481.98,0.00013,True
1741801450515,82481.98,7e-05,True
1741801450515,82481.98,7e-05,True
1741801450515,82481.98,0.00013,True
1741801450515,82481.7,0.00025,True
1741801450515,82481.7,0.00025,True
1741801450515,82481.7,0.00017,True
1741801450515,82481.7,7e-05,True
1741801450515,82481.7,7e-05,True
1741801450515,82481.69,0.003,True
1741801450515,82481.69,7e-05,True
1741801450515,82481.69,7e-05,True
1741801450515,82481.22,8e-05,True
1741801450515,82481.22,7e-05,True
1741801450515,82480.95,8e-05,True
1741801450515,82480.95,7e-05,True
1741801450515,82480.46,0.00013,True
1741801450515,82480.46,7e-05,True
1741801450515,82480.24,0.0001,True
1741801450515,82480.24,0.00021,True
1741801450515,82480.08,0.00033,True
1741801450515,82480.07,0.00237,True
1741801450515,82480.03,7e-05,True
1741801451356,82480.02,0.0005,True
1741801451685,82480.02,0.0001,True
1741801451685,82480.02,7e-05,True
1741801451685,82480.02,7e-05,True
1741801451685,82480.02,7e-05,True
1741801451685,82480.02,7e-05,True
1741801451685,82480.02,7e-05,True
1741801451685,82480.02,0.00014,True
1741801451685,82480.02,0.02424,True
1741801451685,82480.02,7e-05,True
1741801451685,82480.02,0.03248,True
1741801451685,82480.02,0.07232,True
1741801451685,82480.02,0.37768,True
1741801451685,82480.02,0.07888,True
1741801451685,82480.02,0.05591,True
1741801451685,82480.02,0.0001,True
1741801451685,82480.01,0.0001,True
1741801451685,82480.01,7e-05,True
1741801451685,82480.01,7e-05,True
1741801451685,82480.01,0.00013,True
1741801451685,82480.0,0.0001,True
1741801451685,82480.0,0.002,True
1741801451685,82480.0,7e-05,True
1741801451685,82480.0,7e-05,True
1741801451685,82480.0,7e-05,True
1741801451685,82480.0,0.00014,True
1741801451685,82480.0,0.00013,True
1741801451685,82480.0,0.00053,True
1741801451691,82479.99,0.00666,True
1741801451691,82479.99,7e-05,True
1741801451691,82479.99,7e-05,True
1741801451691,82479.63,7e-05,True
1741801451691,82479.63,7e-05,True
1741801451691,82479.0,7e-05,True
1741801451691,82478.82,7e-05,True
1741801451691,82478.73,7e-05,True
1741801451699,82477.68,7e-05,True
1741801451699,82477.67,7e-05,True
1741801451699,82477.67,9e-05,True
1741801451699,82477.67,7e-05,True
1741801451699,82477.66,0.05181,True
1741801451730,82477.66,0.00014,True
1741801451730,82477.66,7e-05,True
1741801451730,82477.66,7e-05,True
1741801451730,82477.66,0.0001,True
1741801451730,82477.66,7e-05,True
1741801451730,82477.66,7e-05,True
1741801451730,82477.66,7e-05,True
1741801451730,82477.66,7e-05,True
1741801451730,82477.66,0.00056,True
1741801451730,82477.66,7e-05,True
1741801451730,82477.66,7e-05,True
1741801451730,82477.66,7e-05,True
1741801451736,82477.65,7e-05,True
1741801451736,82477.65,7e-05,True
1741801451736,82477.65,0.00011,True
1741801451736,82477.65,0.00014,True
1741801451736,82477.64,0.0004,True
1741801451744,82477.65,7e-05,True
1741801451744,82477.65,7e-05,True
1741801451745,82477.64,0.00012,True
1741801451745,82477.64,7e-05,True
1741801451745,82477.64,7e-05,True
1741801451745,82476.47,7e-05,True
1741801451745,82476.47,1e-05,True
1741801451757,82476.47,6e-05,True
1741801451757,82476.46,7e-05,True
1741801451757,82476.46,7e-05,True
1741801451757,82476.04,7e-05,True
1741801451757,82476.04,7e-05,True
1741801451767,82476.03,8e-05,True
1741801451767,82476.03,7e-05,True
1741801451767,82476.03,7e-05,True
1741801451767,82476.02,8e-05,True
1741801451767,82476.02,7e-05,True
1741801451767,82476.02,7e-05,True
1741801451767,82476.01,7e-05,True
1741801451789,82476.01,0.00164,False
1741801452089,82476.0,0.0001,True
1741801452089,82476.0,0.002,True
1741801452089,82476.0,7e-05,True
1741801452089,82476.0,7e-05,True
1741801452089,82476.0,7e-05,True
1741801452089,82476.0,7e-05,True
1741801452089,82476.0,7e-05,True
1741801452089,82476.0,7e-05,True
1741801452089,82476.0,0.00014,True
1741801452089,82476.0,0.00058,True
1741801452089,82476.0,0.0001,True
1741801452089,82475.99,9e-05,True
1741801452089,82475.99,7e-05,True
1741801452089,82475.99,7e-05,True
1741801452089,82475.99,0.00014,True
1741801452089,82475.98,0.00056,True
1741801452089,82475.98,7e-05,True
1741801452089,82475.98,7e-05,True
1741801452089,82475.98,0.00013,True
1741801452089,82475.98,0.00013,True
1741801452089,82475.57,0.00031,True
1741801452089,82475.57,0.00031,True
1741801452089,82475.57,0.00031,True
1741801452089,82475.57,7e-05,True
1741801452089,82475.57,7e-05,True
1741801452089,82475.35,7e-05,True
1741801452089,82475.35,7e-05,True
1741801452089,82475.09,7e-05,True
1741801452143,82475.09,0.00016,False
1741801452149,82475.09,0.00016,False
1741801452748,82475.08,0.0001,True
1741801452748,82475.08,7e-05,True
1741801452748,82475.08,7e-05,True
1741801452748,82475.08,7e-05,True
1741801452748,82475.08,0.00052,True
1741801452748,82475.08,7e-05,True
1741801452748,82475.08,0.01322,True
1741801452788,82475.08,0.01102,True
1741801452788,82475.08,7e-05,True
1741801452788,82475.08,7e-05,True
1741801452788,82475.08,0.00013,True
1741801452788,82475.08,8e-05,True
1741801452794,82475.08,2e-05,True
1741801452794,82475.08,7e-05,True
1741801452794,82475.08,7e-05,True
1741801452794,82475.08,7e-05,True
1741801452794,82475.08,7e-05,True
1741801452794,82475.08,7e-05,True
1741801452794,82475.08,7e-05,True
1741801452794,82475.07,0.00014,True
1741801452794,82475.07,7e-05,True
1741801452794,82475.07,7e-05,True
1741801452794,82475.06,0.00056,True
1741801452794,82475.06,7e-05,True
1741801452794,82475.06,7e-05,True
1741801452794,82475.06,0.00014,True
1741801452794,82475.06,0.00014,True
1741801452796,82474.36,7e-05,True
1741801452796,82474.36,7e-05,True
1741801452796,82474.36,7e-05,True
1741801452796,82474.35,0.00018,True
1741801452796,82474.35,7e-05,True
1741801452796,82474.35,7e-05,True
1741801452796,82474.28,7e-05,True
1741801452796,82474.28,9e-05,True
1741801452804,82474.27,0.00918,True
1741801452804,82474.27,7e-05,True
1741801452804,82474.27,7e-05,True
1741801452804,82474.27,0.0001,True
1741801452804,82474.27,0.0001,True
1741801452804,82474.27,0.0001,True
1741801452804,82474.27,7e-05,True
1741801452804,82474.27,7e-05,True
1741801452804,82474.27,7e-05,True
1741801452804,82474.27,7e-05,True
1741801452804,82474.27,0.00107,True
1741801452804,82474.26,0.0001,True
1741801452804,82474.26,8e-05,True
1741801452804,82474.25,0.00052,True
1741801452804,82474.02,8e-05,True
1741801452804,82474.02,7e-05,True
1741801452804,82474.02,7e-05,True
1741801452804,82473.63,7e-05,True
1741801452804,82473.63,7e-05,True
1741801452804,82473.23,7e-05,True
1741801452804,82473.23,7e-05,True
1741801452804,82473.23,7e-05,True
1741801452804,82473.22,0.01064,True
1741801452804,82473.22,7e-05,True
1741801452804,82473.22,7e-05,True
1741801452804,82472.84,7e-05,True
1741801452804,82472.51,0.0001,True
1741801452804,82472.51,7e-05,True
1741801452804,82472.02,0.00018,True
1741801452804,82472.02,0.00018,True
1741801452804,82472.02,0.00018,True
1741801452804,82472.01,7e-05,True
1741801452804,82472.01,9e-05,True
1741801452804,82472.0,0.0001,True
1741801452804,82472.0,0.002,True
1741801452804,82471.16,8e-05,True
1741801452804,82471.16,0.00035,True
1741801452804,82471.16,0.00022,True
1741801452808,82470.79,0.00018,True
1741801452808,82470.79,0.0001,True
1741801452808,82470.79,0.0001,True
1741801452808,82470.78,0.0001,True
1741801452808,82470.38,7e-05,True
1741801452867,82470.38,0.00033,False
1741801452892,82470.37,0.01064,True
1741801452892,82470.37,7e-05,True
1741801452892,82470.37,7e-05,True
1741801452892,82470.37,0.0001,True
1741801452892,82470.37,0.0001,True
1741801452892,82470.37,0.00109,True
1741801452892,82470.37,0.0001,True
1741801452892,82470.37,7e-05,True
1741801452892,82470.37,7e-05,True
1741801452892,82470.37,7e-05,True
1741801452892,82470.37,7e-05,True
1741801452892,82470.37,0.00619,True
1741801452892,82470.37,0.01,True
1741801452954,82470.38,0.00024,False
1741801453016,82470.37,0.00806,True
1741801453016,82470.37,0.0001,True
1741801453016,82470.37,0.0001,True
1741801453016,82470.37,0.0001,True
1741801453016,82470.37,7e-05,True
1741801453016,82470.37,7e-05,True
1741801453016,82470.37,7e-05,True
1741801453016,82470.37,7e-05,True
1741801453016,82470.37,7e-05,True
1741801453016,82470.37,7e-05,True
1741801453016,82470.37,0.00081,True
1741801453016,82470.37,0.00013,True
1741801453016,82470.36,0.0002,True
1741801453016,82470.36,0.0001,True
1741801453016,82470.36,7e-05,True
1741801453016,82470.36,7e-05,True
1741801453016,82470.36,0.00056,True
1741801453016,82470.36,0.00014,True
1741801453016,82470.35,7e-05,True
1741801453016,82470.35,7e-05,True
1741801453016,82470.35,0.00013,True
1741801453016,82470.35,0.00014,True
1741801453016,82470.26,8e-05,True
1741801453016,82470.26,8e-05,True
1741801453016,82470.26,8e-05,True
1741801453016,82470.26,7e-05,True
1741801453016,82470.26,7e-05,True
1741801453016,82470.09,0.00237,True
1741801453016,82470.09,7e-05,True
1741801453016,82470.09,7e-05,True
1741801453016,82469.04,7e-05,True
1741801453016,82468.18,7e-05,True
1741801453016,82468.0,0.0001,True
1741801453016,82468.0,0.002,True
1741801453016,82468.0,0.0001,True
1741801453016,82468.0,7e-05,True
1741801453016,82467.34,0.00017,True
1741801453016,82466.47,7e-05,True
1741801453016,82466.46,0.01064,True
1741801453016,82465.52,0.00018,True
1741801453016,82465.41,7e-05,True
1741801453199,82465.41,0.00072,False
1741801453318,82465.41,8e-05,False
1741801453514,82465.41,0.0003,False
1741801453659,82465.41,0.001,False
1741801453857,82465.41,0.00164,False
1741801454052,82465.4,7e-05,True
1741801454052,82465.4,7e-05,True
1741801454052,82465.4,7e-05,True
1741801454052,82465.4,7e-05,True
1741801454052,82465.4,7e-05,True
1741801454052,82465.4,0.00014,True
1741801454052,82465.4,7e-05,True
1741801454052,82465.4,0.0001,True
1741801454052,82465.4,0.0001,True
1741801454052,82465.4,0.0001,True
1741801454052,82465.4,0.0055,True
1741801454052,82465.4,0.01,True
1741801454053,82465.4,0.0068,True
1741801454053,82465.4,0.00801,True
1741801454053,82465.4,0.00312,True
1741801454053,82465.39,0.00025,True
1741801454053,82465.39,0.00052,True
1741801454053,82465.39,7e-05,True
1741801454053,82465.39,7e-05,True
1741801454053,82465.39,0.00013,True
1741801454053,82465.39,0.0001,True
1741801454053,82465.38,0.00013,True
1741801454053,82465.38,0.00014,True
1741801454053,82465.38,7e-05,True
1741801454053,82465.38,7e-05,True
1741801454053,82465.21,7e-05,True
1741801454053,82465.21,7e-05,True
1741801454053,82464.62,0.001,True
1741801454053,82464.62,7e-05,True
1741801454053,82464.62,7e-05,True
1741801454053,82464.37,7e-05,True
1741801454053,82464.21,7e-05,True
1741801454053,82464.12,7e-05,True
1741801454053,82464.02,0.00032,True
1741801454053,82464.02,0.00032,True
1741801454053,82464.02,0.00032,True
1741801454053,82464.02,0.00032,True
1741801454053,82464.01,0.00018,True
1741801454053,82464.0,0.0001,True
1741801454053,82464.0,0.002,True
1741801454053,82464.0,0.0001,True
1741801454053,82462.91,0.00013,True
1741801454053,82462.65,0.00023,True
1741801454053,82462.64,7e-05,True
1741801454053,82462.64,0.0003,True
1741801454053,82462.64,8e-05,True
1741801454061,82462.63,0.00016,True
1741801454062,82462.63,0.00016,True
1741801454094,82462.63,0.0267,True
1741801454094,82462.63,0.0001,True
1741801454094,82462.63,7e-05,True
1741801454094,82462.63,0.0001,True
1741801454094,82462.63,0.0001,True
1741801454094,82462.63,7e-05,True
1741801454094,82462.63,7e-05,True
1741801454094,82462.63,7e-05,True
1741801454094,82462.63,7e-05,True
1741801454094,82462.63,7e-05,True
1741801454094,82462.63,0.00268,True
1741801454094,82462.63,7e-05,True
1741801454094,82462.63,7e-05,True
1741801454094,82462.63,7e-05,True
1741801454094,82462.62,0.0001,True
1741801454094,82462.62,0.00056,True
1741801454094,82462.62,0.00014,True
1741801454094,82462.62,7e-05,True
1741801454094,82462.62,7e-05,True
1741801454094,82462.47,7e-05,True
1741801454094,82462.47,7e-05,True
1741801454094,82462.47,7e-05,True
1741801454094,82462.47,7e-05,True
1741801454094,82462.46,7e-05,True
1741801454094,82462.46,7e-05,True
1741801454094,82462.46,7e-05,True
1741801454094,82462.45,0.00928,True
1741801454094,82462.45,0.00136,True
1741801454094,82462.45,7e-05,True
1741801454094,82462.45,7e-05,True
1741801454127,82462.0,0.0006,True
1741801454174,82462.0,0.0024,True
1741801454174,82462.0,0.0001,True
1741801454174,82462.0,7e-05,True
1741801454174,82462.0,7e-05,True
1741801454174,82462.0,0.0001,True
1741801454174,82462.0,0.0001,True
1741801454174,82462.0,7e-05,True
1741801454174,82462.0,0.00053,True
1741801454174,82462.0,7e-05,True
1741801454174,82462.0,0.00014,True
1741801454174,82461.99,0.0001,True
1741801454174,82461.99,0.00055,True
1741801454174,82461.99,7e-05,True
1741801454174,82461.99,0.00013,True
1741801454174,82461.61,0.00012,True
1741801454174,82461.61,7e-05,True
1741801454174,82461.6,0.00025,True
1741801454174,82461.6,7e-05,True
1741801454174,82461.6,9e-05,True
1741801454174,82461.6,7e-05,True
1741801454174,82461.6,7e-05,True
1741801454174,82461.59,0.01899,True
1741801454174,82461.59,7e-05,True
1741801454174,82461.59,7e-05,True
1741801454174,82461.57,7e-05,True
1741801454174,82461.57,7e-05,True
1741801454174,82461.56,0.0125,True
1741801454174,82461.56,7e-05,True
1741801454174,82460.11,0.00237,True
1741801454174,82460.11,7e-05,True
1741801454174,82460.01,0.00015,True
1741801454174,82460.0,0.0001,True
1741801454174,82460.0,0.002,True
1741801454174,82460.0,0.0001,True
1741801454174,82459.55,0.00013,True
1741801454174,82459.4,8e-05,True
1741801454174,82458.04,7e-05,True
1741801454174,82458.04,0.00016,True
1741801454174,82458.03,0.0125,True
1741801454174,82457.67,9e-05,True
1741801454174,82457.67,7e-05,True
1741801454174,82457.66,0.01502,True
1741801454215,82457.66,0.012,True
1741801454215,82457.66,0.0001,True
1741801454215,82457.66,7e-05,True
1741801454215,82457.66,0.0001,True
1741801454215,82457.66,0.0001,True
1741801454215,82457.66,0.0011,True
1741801454215,82457.66,7e-05,True
1741801454215,82457.65,0.00024,True
1741801454215,82457.65,0.00055,True
1741801454215,82457.65,0.0001,True
1741801454215,82457.65,7e-05,True
1741801454215,82457.64,0.00014,True
1741801454215,82457.64,7e-05,True
1741801454215,82457.47,7e-05,True
1741801454215,82457.15,0.00027,True
1741801454215,82457.15,0.00027,True
1741801454215,82457.15,0.00022,True
1741801454215,82457.15,7e-05,True
1741801454215,82457.14,0.0001,True
1741801454215,82457.14,7e-05,True
1741801454215,82457.14,7e-05,True
1741801454215,82457.14,7e-05,True
1741801454215,82457.13,0.01899,True
1741801454215,82457.13,7e-05,True
1741801454215,82456.78,0.00011,True
1741801454215,82456.78,7e-05,True
1741801454215,82456.78,7e-05,True
1741801454215,82456.77,0.00836,True
1741801454216,82456.77,0.00228,True
1741801454216,82456.52,0.00013,True
1741801454216,82456.01,8e-05,True
1741801454216,82456.0,0.0001,True
1741801454216,82456.0,0.002,True
1741801454216,82456.0,0.0001,True
1741801454216,82455.27,0.00299,True
1741801454224,82455.27,1e-05,True
1741801454224,82455.27,7e-05,True
1741801454224,82455.27,0.0001,True
1741801454224,82455.27,0.0001,True
1741801454224,82455.27,0.00051,True
1741801454224,82455.27,0.0001,True
1741801454224,82455.26,0.00053,True
1741801454224,82455.26,0.0001,True
1741801454224,82454.4,0.00014,True
1741801454224,82454.4,0.0002,True
1741801454224,82454.4,0.00014,True
1741801454224,82454.4,0.00014,True
1741801454224,82454.39,0.00013,True
1741801454224,82454.39,7e-05,True
1741801454224,82454.22,7e-05,True
1741801454224,82454.22,0.0003,True
1741801454224,82454.22,7e-05,True
1741801454224,82454.21,0.01899,True
1741801454224,82454.21,7e-05,True
1741801454224,82454.05,7e-05,True
1741801454224,82454.05,7e-05,True
1741801454224,82454.04,0.00524,True
1741801454225,82454.04,0.00196,True
1741801454225,82454.04,7e-05,True
1741801454225,82453.69,7e-05,True
1741801454225,82453.69,7e-05,True
1741801454225,82453.68,0.0125,True
1741801454225,82453.68,7e-05,True
1741801454225,82453.07,7e-05,True
1741801454225,82453.06,0.01064,True
1741801454225,82452.99,7e-05,True
1741801454225,82452.98,0.0247,True
1741801454226,82452.98,0.00232,True
1741801454232,82452.83,0.00022,True
1741801454232,82452.19,0.00013,True
1741801454232,82452.01,0.00011,True
1741801454232,82452.0,0.0001,True
1741801454232,82452.0,0.002,True
1741801454232,82452.0,0.0001,True
1741801454232,82451.53,7e-05,True
1741801454232,82451.52,0.00949,True
1741801454232,82451.52,0.00902,True
1741801454235,82450.59,7e-05,True
1741801454235,82450.59,0.00018,True
1741801454235,82450.58,0.01214,True
1741801454239,82450.58,0.00685,True
1741801454239,82450.58,7e-05,True
1741801454239,82450.27,0.00013,True
1741801454239,82450.27,0.00302,True
1741801454239,82450.27,7e-05,True
1741801454239,82450.26,0.02698,True
1741801454241,82450.26,4e-05,True
1741801454241,82450.26,6e-05,True
1741801454242,82450.26,1e-05,True
1741801454242,82450.13,0.00237,True
1741801454242,82450.13,7e-05,True
1741801454242,82450.0,8e-05,True
1741801454242,82450.0,7e-05,True
1741801454242,82449.59,7e-05,True
1741801454242,82449.59,7e-05,True
1741801454242,82449.41,0.01042,True
1741801454247,82449.41,0.00012,True
1741801454258,82449.41,0.0001,True
1741801454258,82449.41,7e-05,True
1741801454258,82449.41,0.0001,True
1741801454258,82449.41,0.0001,True
1741801454258,82449.41,0.0001,True
1741801454258,82449.41,0.00051,True
1741801454258,82449.4,0.0001,True
1741801454258,82449.4,0.00057,True
1741801454258,82449.11,7e-05,True
1741801454258,82449.11,0.00026,True
1741801454258,82449.1,0.0125,True
1741801454258,82449.1,7e-05,True
1741801454258,82448.9,7e-05,True
1741801454258,82448.9,7e-05,True
1741801454258,82448.89,0.00347,True
1741801454261,82448.89,0.00158,True
1741801454261,82448.89,7e-05,True
1741801454261,82448.69,0.00018,True
1741801454261,82448.69,7e-05,True
1741801454261,82448.06,7e-05,True
1741801454261,82448.05,7e-05,True
1741801454261,82448.0,0.0001,True
1741801454261,82448.0,0.0001,True
1741801454261,82448.0,0.00015,True
1741801454261,82448.0,0.002,True
1741801454261,82447.76,7e-05,True
1741801454261,82447.26,0.0003,True
1741801454261,82447.21,0.00014,True
1741801454261,82447.2,0.00149,True
1741801454261,82447.17,7e-05,True
1741801454261,82447.16,0.0067,True
1741801454261,82447.13,7e-05,True
1741801454261,82447.1,0.00013,True
1741801454261,82446.99,7e-05,True
1741801454261,82446.99,7e-05,True
1741801454261,82446.99,0.00014,True
1741801454261,82446.99,7e-05,True
1741801454261,82446.99,8e-05,True
1741801454261,82446.99,7e-05,True
1741801454261,82446.92,0.00019,True
1741801454261,82446.38,0.00461,True
1741801454261,82446.36,7e-05,True
1741801454261,82446.35,0.02702,True
1741801454261,82446.21,0.00021,True
1741801454261,82446.21,0.01064,True
1741801454261,82445.8,0.00152,True
1741801454261,82445.79,7e-05,True
1741801454261,82445.78,0.01899,True
1741801454261,82445.3,0.0125,True
1741801454261,82445.21,0.00022,True
1741801454261,82445.07,0.00012,True
1741801454261,82444.92,0.00012,True
1741801454261,82444.66,0.0001,True
1741801454261,82444.44,7e-05,True
1741801454261,82444.33,7e-05,True
1741801454261,82444.31,7e-05,True
1741801454261,82444.26,0.00018,True
1741801454261,82444.1,8e-05,True
1741801454261,82444.0,0.0001,True
1741801454261,82444.0,0.0001,True
1741801454261,82444.0,0.00015,True
1741801454261,82444.0,0.002,True
1741801454261,82443.9,7e-05,True
1741801454261,82443.77,7e-05,True
1741801454261,82443.76,0.0668,True
1741801454261,82443.76,0.02159,True
1741801454261,82443.61,0.0001,True
1741801454261,82443.48,7e-05,True
1741801454261,82443.1,0.00013,True
1741801454261,82443.08,7e-05,True
1741801454261,82443.07,0.00084,True
1741801454275,82443.06,0.00013,True
1741801454275,82443.05,7e-05,True
1741801454275,82442.85,7e-05,True
1741801454275,82442.12,0.02702,True
1741801454275,82442.09,0.01271,True
1741801454279,82442.09,0.00091,True
1741801454282,82442.09,0.02241,True
1741801454282,82442.09,7e-05,True
1741801454282,82442.01,7e-05,True
1741801454282,82442.0,0.02425,True
1741801454282,82442.0,7e-05,True
1741801454282,82441.94,0.01554,True
1741801454282,82441.83,0.00017,True
1741801454282,82441.74,0.00013,True
1741801454282,82441.72,0.01729,True
1741801454322,82441.72,0.0017,True
1741801454322,82441.72,7e-05,True
1741801454322,82441.72,7e-05,True
1741801454322,82441.72,0.0001,True
1741801454322,82441.72,0.0001,True
1741801454322,82441.72,0.0001,True
1741801454322,82441.72,0.00058,True
1741801454322,82441.72,0.00063,True
1741801454322,82441.72,0.00063,True
1741801454322,82441.72,0.00079,True
1741801454322,82441.72,0.00037,True
1741801454322,82441.72,0.0008,True
1741801454322,82441.72,0.00918,True
1741801454322,82441.72,0.01,True
1741801454323,82441.72,0.00962,True
1741801454323,82441.72,0.00041,True
1741801454323,82441.72,0.00033,True
1741801454323,82441.72,0.0169,True
1741801454323,82441.71,0.01064,True
1741801454323,82441.71,7e-05,True
1741801454323,82441.71,0.00056,True
1741801454323,82441.66,9e-05,True
1741801454323,82441.66,7e-05,True
1741801454323,82441.62,8e-05,True
1741801454323,82441.62,7e-05,True
1741801454323,82441.55,0.00086,True
1741801454323,82441.51,7e-05,True
1741801454323,82441.51,0.00018,True
1741801454323,82441.17,0.00182,True
1741801454323,82441.17,0.0002,True
1741801454323,82441.17,7e-05,True
1741801454323,82440.81,7e-05,True
1741801454323,82440.81,7e-05,True
1741801454323,82440.8,0.0125,True
1741801454323,82440.8,7e-05,True
1741801454323,82440.69,0.0001,True
1741801454323,82440.66,0.003,True
1741801454323,82440.15,0.00237,True
1741801454323,82440.07,7e-05,True
1741801454323,82440.06,0.01971,True
1741801454388,82440.06,0.005,True
1741801454935,82440.06,7e-05,True
1741801454935,82440.06,0.0001,True
1741801454935,82440.06,7e-05,True
1741801454935,82440.06,0.00013,True
1741801454935,82440.06,0.0001,True
1741801454935,82440.06,8e-05,True
1741801454935,82440.06,8e-05,True
1741801454935,82440.06,0.00056,True
1741801454935,82440.06,0.04522,True
1741801454935,82440.06,0.004,True
1741801454935,82440.06,0.00961,True
1741801455052,82440.07,0.00023,False
1741801455200,82440.06,0.00555,True
1741801455460,82440.07,0.02608,False
1741801455765,82440.07,0.00347,False
1741801456063,82440.06,0.00174,True
1741801456063,82440.06,0.00521,True
1741801456063,82440.06,0.00215,True
1741801456064,82440.06,0.01531,True
1741801456064,82440.06,7e-05,True
1741801456064,82440.06,0.00014,True
1741801456064,82440.06,0.03032,True
1741801456064,82440.06,0.03032,True
1741801456064,82440.06,0.03032,True
1741801456064,82440.06,0.03032,True
1741801456064,82440.06,0.03032,True
1741801456064,82440.06,0.0001,True
1741801456064,82440.06,0.0001,True
1741801456064,82440.06,0.0001,True
1741801456064,82440.05,8e-05,True
1741801456064,82440.05,0.00014,True
1741801456064,82440.05,7e-05,True
1741801456064,82440.05,0.00054,True
1741801456064,82440.05,0.00013,True
1741801456064,82440.05,0.00013,True
1741801456064,82440.05,0.0001,True
1741801456064,82440.04,7e-05,True
1741801456064,82440.01,7e-05,True
1741801456064,82440.0,0.00022,True
1741801456064,82440.0,0.0001,True
1741801456064,82440.0,0.0001,True
1741801456064,82440.0,0.00015,True
1741801456064,82440.0,0.002,True
1741801456064,82440.0,7e-05,True
1741801456064,82439.96,7e-05,True
1741801456064,82439.92,7e-05,True
1741801456064,82439.91,7e-05,True
1741801456064,82439.87,0.00059,True
1741801456064,82439.53,7e-05,True
1741801456064,82439.53,0.00011,True
1741801456064,82439.46,0.0002,True
1741801456064,82439.46,0.00026,True
1741801456064,82439.2,0.00128,True
1741801456064,82439.02,7e-05,True
1741801456064,82438.78,0.0002,True
1741801456064,82438.35,0.00097,True
1741801456064,82438.34,0.00011,True
1741801456064,82438.33,0.02702,True
1741801456064,82438.08,0.00034,True
1741801456064,82438.06,0.0125,True
1741801456064,82437.98,0.00015,True
1741801456064,82437.76,8e-05,True
1741801456064,82437.58,0.00021,True
1741801456064,82437.5,0.00014,True
1741801456064,82437.47,0.00089,True
1741801456064,82437.26,0.00014,True
1741801456064,82437.26,0.00014,True
1741801456064,82437.25,0.00015,True
1741801456064,82437.25,0.00015,True
1741801456064,82437.24,0.019,True
1741801456064,82437.12,0.01064,True
1741801456064,82436.82,7e-05,True
1741801456064,82436.79,0.00016,True
1741801456064,82436.78,0.01899,True
1741801456064,82436.4,7e-05,True
1741801456064,82436.4,7e-05,True
1741801456064,82436.36,7e-05,True
1741801456064,82436.02,0.00011,True
1741801456064,82436.01,0.00013,True
1741801456064,82436.01,0.00016,True
1741801456064,82436.0,0.00038,True
1741801456064,82436.0,0.0001,True
1741801456064,82436.0,0.0001,True
1741801456064,82436.0,0.00015,True
1741801456064,82436.0,0.002,True
1741801456064,82435.38,0.00018,True
1741801456064,82435.29,9e-05,True
1741801456064,82435.0,0.00142,True
1741801456126,82435.0,0.00221,True
1741801456126,82435.0,0.0001,True
1741801456126,82435.0,0.0001,True
1741801456126,82435.0,0.0001,True
1741801456126,82435.0,7e-05,True
1741801456126,82434.99,0.00026,True
1741801456126,82434.99,0.0001,True
1741801456126,82434.99,7e-05,True
1741801456126,82434.99,0.00013,True
1741801456126,82434.99,0.00054,True
1741801456126,82434.3,7e-05,True
1741801456126,82434.15,0.00055,True
1741801456126,82434.15,0.00027,True
1741801456126,82434.15,0.00016,True
1741801456126,82434.15,0.00016,True
1741801456126,82434.15,7e-05,True
1741801456126,82434.14,0.00011,True
1741801456126,82434.14,7e-05,True
1741801456126,82434.14,7e-05,True
1741801456126,82434.13,0.0125,True
1741801456126,82434.13,7e-05,True
1741801456126,82433.98,7e-05,True
1741801456126,82433.97,7e-05,True
1741801456126,82433.52,7e-05,True
1741801456126,82433.52,7e-05,True
1741801456126,82433.51,0.01899,True
1741801456126,82433.33,0.00245,True
1741801456126,82433.0,9e-05,True
1741801456126,82432.65,0.00018,True
1741801456126,82432.65,7e-05,True
1741801456126,82432.64,0.00012,True
1741801456126,82432.64,4e-05,True
1741801456126,82432.64,0.0106,True
1741801456126,82432.53,7e-05,True
1741801456126,82432.53,7e-05,True
1741801456126,82432.52,0.02702,True
1741801456126,82432.43,0.00054,True
1741801456126,82432.43,8e-05,True
1741801456126,82432.01,0.00022,True
1741801456126,82432.01,0.00018,True
1741801456126,82432.0,0.0001,True
1741801456126,82432.0,0.0001,True
1741801456126,82432.0,0.00015,True
1741801456126,82432.0,0.002,True
1741801456126,82431.81,0.003,True
1741801456126,82431.54,0.00031,True
1741801456126,82431.45,7e-05,True
1741801456126,82431.27,0.00011,True
1741801456126,82431.21,0.001,True
1741801456126,82430.88,0.00021,True
1741801456126,82430.76,0.00013,True
1741801456126,82430.55,0.00018,True
1741801456126,82430.51,0.00053,True
1741801456126,82430.23,9e-05,True
1741801456126,82430.17,0.00237,True
1741801456126,82429.85,7e-05,True
1741801456126,82429.84,0.01899,True
1741801456126,82429.76,7e-05,True
1741801456126,82429.76,7e-05,True
1741801456126,82429.75,0.01167,True
1741801456184,82429.75,0.01535,True
1741801456184,82429.75,0.0169,True
1741801456184,82429.75,0.00138,True
1741801456184,82429.75,0.0001,True
1741801456184,82429.75,0.0001,True
1741801456184,82429.75,0.0001,True
1741801456184,82429.75,7e-05,True
1741801456184,82429.75,0.00013,True
1741801456184,82429.74,0.0001,True
1741801456184,82429.74,0.00026,True
1741801456184,82429.74,0.00011,True
1741801456184,82429.74,0.00033,True
1741801456184,82429.74,7e-05,True
1741801456184,82429.74,0.00013,True
1741801456184,82429.73,7e-05,True
1741801456184,82429.73,7e-05,True
1741801456184,82429.73,0.00022,True
1741801456184,82429.73,0.00022,True
1741801456184,82429.73,0.00022,True
1741801456294,82429.73,0.00041,False
1741801456326,82429.72,0.00032,True
1741801456433,82429.73,0.00778,False
1741801457092,82429.73,0.00013,False
1741801457603,82429.73,0.0001,False
1741801457603,82429.73,7e-05,False
1741801457603,82429.73,7e-05,False
1741801457603,82429.73,7e-05,False
1741801457603,82429.73,0.00013,False
1741801457603,82429.73,0.0001,False
1741801457603,82429.73,8e-05,False
1741801457603,82429.73,0.03318,False
1741801457605,82429.73,0.00682,False
1741801457605,82429.73,7e-05,False
1741801457605,82429.73,7e-05,False
1741801457605,82429.73,7e-05,False
1741801457605,82429.73,7e-05,False
1741801457605,82429.73,0.00013,False
1741801457605,82429.73,0.0001,False
1741801457605,82429.73,0.0001,False
1741801457605,82429.73,0.0001,False
1741801457605,82429.73,7e-05,False
1741801457605,82429.73,7e-05,False
1741801457605,82429.73,7e-05,False
1741801457605,82429.73,0.0001,False
1741801457605,82429.73,0.0001,False
1741801457605,82429.73,7e-05,False
1741801457605,82429.73,0.0001,False
1741801457605,82429.73,0.0001,False
1741801457605,82429.73,7e-05,False
1741801457605,82429.74,0.00013,False
1741801457605,82429.74,0.00014,False
1741801457605,82429.74,0.00014,False
1741801457605,82429.74,7e-05,False
1741801457605,82429.74,0.0001,False
1741801457605,82429.76,7e-05,False
1741801457605,82430.16,7e-05,False
1741801457605,82430.16,7e-05,False
1741801457605,82430.18,7e-05,False
1741801457605,82430.5,8e-05,False
1741801457605,82430.5,7e-05,False
1741801457605,82430.66,0.00104,False
1741801457605,82430.99,7e-05,False
1741801457605,82433.46,7e-05,False
1741801457614,82433.46,0.05461,True
1741801457614,82433.46,0.04513,True
1741801457615,82433.47,7e-05,False
1741801457615,82433.47,8e-05,False
1741801457615,82433.47,7e-05,False
1741801457615,82433.47,0.00018,False
1741801457615,82433.47,7e-05,False
1741801457615,82433.47,0.00018,False
1741801457615,82433.47,7e-05,False
1741801457615,82433.47,0.00018,False
1741801457615,82433.47,0.00018,False
1741801457615,82433.47,7e-05,False
1741801457615,82433.47,0.0001,False
1741801457615,82433.47,0.0001,False
1741801457615,82433.47,7e-05,False
1741801457615,82433.47,0.0001,False
1741801457615,82433.48,7e-05,False
1741801457615,82433.48,0.0001,False
1741801457615,82433.72,7e-05,False
1741801457615,82434.28,7e-05,False
1741801457615,82434.28,7e-05,False
1741801457615,82434.83,8e-05,False
1741801457615,82434.83,7e-05,False
1741801457615,82434.98,7e-05,False
1741801457615,82434.98,8e-05,False
1741801457834,82434.99,0.0001,False
1741801457834,82434.99,0.00051,False
1741801458173,82434.99,7e-05,False
1741801458173,82434.99,4e-05,False
1741801458226,82434.99,3e-05,False
1741801458226,82434.99,0.00012,False
1741801458314,82434.99,1e-05,False
1741801458314,82434.99,0.00195,False
1741801458497,82434.98,0.00028,True
1741801458585,82434.98,0.0003,True
1741801458846,82434.99,0.00257,False
1741801459315,82434.99,0.0002,False
1741801459352,82434.98,0.05458,True
1741801459502,82434.99,0.00282,False
1741801459502,82434.99,0.0001,False
1741801459502,82434.99,7e-05,False
1741801459502,82434.99,7e-05,False
1741801459502,82434.99,8e-05,False
1741801459502,82434.99,0.00014,False
1741801459502,82434.99,0.0001,False
1741801459502,82434.99,0.0001,False
1741801459502,82434.99,0.01116,False
1741801459502,82434.99,7e-05,False
1741801459502,82434.99,7e-05,False
1741801459502,82434.99,7e-05,False
1741801459502,82434.99,0.00327,False
1741801459502,82434.99,7e-05,False
1741801459502,82434.99,7e-05,False
1741801459502,82435.0,7e-05,False
1741801459502,82435.0,7e-05,False
1741801459502,82435.0,0.00013,False
1741801459502,82435.0,7e-05,False
1741801459502,82435.0,0.00014,False
1741801459502,82435.0,0.00013,False
1741801459502,82435.0,0.0001,False
1741801459502,82435.0,7e-05,False
1741801459502,82435.01,0.02185,False
1741801459502,82435.01,0.001,False
1741801459502,82435.01,7e-05,False
1741801459502,82435.1,7e-05,False
1741801459502,82435.76,7e-05,False
1741801459503,82436.54,0.00104,False
1741801459503,82437.96,7e-05,False
1741801459503,82437.96,0.00022,False
1741801459503,82437.96,8e-05,False
1741801459503,82437.96,7e-05,False
1741801459503,82437.97,0.06572,False
1741801459504,82437.97,0.2579,False
1741801459505,82437.97,0.0394,False
1741801459973,82437.97,0.00303,False
1741801460545,82437.97,0.24672,False
1741801460546,82437.97,0.0589,False
1741801460546,82437.97,0.13527,False
1741801460547,82437.97,0.0302,False
1741801460547,82437.97,0.05056,False
1741801460547,82437.97,7e-05,False
1741801460547,82437.97,0.0001,False
1741801460547,82437.97,7e-05,False
1741801460547,82437.97,7e-05,False
1741801460547,82437.97,7e-05,False
1741801460547,82437.97,7e-05,False
1741801460547,82437.97,0.0001,False
1741801460547,82437.97,0.01639,False
1741801460547,82437.97,7e-05,False
1741801460547,82437.97,7e-05,False
1741801460547,82437.97,0.0001,False
1741801460547,82437.97,0.0001,False
1741801460547,82437.97,7e-05,False
1741801460547,82437.97,7e-05,False
1741801460547,82437.97,7e-05,False
1741801460547,82437.97,0.0001,False
1741801460547,82437.97,0.0001,False
1741801460547,82437.97,0.00013,False
1741801460547,82437.97,0.0001,False
1741801460547,82437.97,0.0001,False
1741801460547,82437.97,0.0001,False
1741801460547,82437.97,7e-05,False
1741801460547,82437.97,0.03576,False
1741801460547,82437.97,0.04025,False
1741801460547,82437.97,7e-05,False
1741801460547,82437.97,7e-05,False
1741801460547,82437.97,7e-05,False
1741801460547,82437.97,0.0001,False
1741801460547,82437.97,0.0001,False
1741801460547,82437.97,0.0001,False
1741801460547,82437.97,0.00019,False
1741801460547,82437.98,0.00015,False
1741801460547,82437.98,0.00013,False
1741801460547,82437.98,7e-05,False
1741801460547,82437.98,0.00014,False
1741801460547,82437.98,0.00013,False
1741801460547,82437.98,0.0001,False
1741801460547,82438.38,7e-05,False
1741801460547,82438.39,7e-05,False
1741801460547,82438.39,0.00017,False
1741801460547,82438.39,0.00017,False
1741801460547,82438.4,7e-05,False
1741801460547,82439.87,0.00243,False
1741801460547,82440.04,7e-05,False
1741801460547,82441.46,0.00018,False
1741801460547,82441.47,0.00013,False
1741801460547,82441.69,7e-05,False
1741801460547,82442.33,0.00013,False
1741801460547,82443.64,7e-05,False
1741801460550,82444.57,0.00104,False
1741801460550,82444.58,7e-05,False
1741801460552,82444.59,0.06029,False
1741801460553,82444.59,0.02497,False
1741801460556,82444.58,0.02275,True
1741801460557,82444.59,0.00595,False
1741801460557,82444.59,7e-05,False
1741801460557,82444.59,0.0001,False
1741801460557,82444.59,7e-05,False
1741801460557,82444.59,7e-05,False
1741801460557,82444.59,0.0001,False
1741801460557,82444.59,7e-05,False
1741801460557,82444.59,7e-05,False
1741801460557,82444.59,0.0001,False
1741801460557,82444.59,7e-05,False
1741801460557,82444.6,0.0001,False
1741801460557,82444.6,0.00033,False
1741801460557,82445.3,0.00013,False
1741801460557,82445.3,7e-05,False
1741801460557,82445.43,7e-05,False
1741801460557,82445.43,0.00035,False
1741801460557,82445.44,0.00504,False
1741801460557,82445.44,7e-05,False
1741801460557,82445.8,7e-05,False
1741801460557,82446.04,0.001,False
1741801460557,82446.04,7e-05,False
1741801460557,82446.05,7e-05,False
1741801460557,82446.62,7e-05,False
1741801460557,82446.82,0.00013,False
1741801460557,82447.02,7e-05,False
1741801460558,82447.37,7e-05,False
1741801460558,82447.37,0.00029,False
1741801460567,82448.31,0.0038,True
1741801460608,82448.32,0.00017,False
1741801460611,82448.32,0.00283,False
1741801460611,82448.32,7e-05,False
1741801460611,82448.32,7e-05,False
1741801460611,82448.32,7e-05,False
1741801460611,82448.32,7e-05,False
1741801460611,82448.32,7e-05,False
1741801460611,82448.32,0.0001,False
1741801460611,82448.33,0.00019,False
1741801460611,82448.33,7e-05,False
1741801460611,82448.33,0.00013,False
1741801460611,82448.34,7e-05,False
1741801460611,82448.34,0.0005,False
1741801460611,82448.34,0.00015,False
1741801460611,82448.34,7e-05,False
1741801460611,82448.35,7e-05,False
1741801460611,82448.73,7e-05,False
1741801460611,82448.96,0.00013,False
1741801460611,82449.82,0.00237,False
1741801460612,82451.23,0.00019,False
1741801460612,82451.26,0.0002,False
1741801460612,82451.51,0.00041,False
1741801460614,82452.02,0.00013,False
1741801460624,82453.67,0.00104,False
1741801460624,82453.67,8e-05,False
1741801460624,82453.67,0.0001,False
1741801460624,82453.67,0.0001,False
1741801460624,82453.67,0.0001,False
1741801460624,82453.67,7e-05,False
1741801460624,82453.67,7e-05,False
1741801460624,82453.67,7e-05,False
1741801460624,82453.67,7e-05,False
1741801460624,82453.67,7e-05,False
1741801460624,82453.68,0.0001,False
1741801460624,82453.83,7e-05,False
1741801460624,82454.17,7e-05,False
1741801460624,82454.71,0.00017,False
1741801460624,82454.72,0.00183,False
1741801460624,82454.72,7e-05,False
1741801460624,82455.06,8e-05,False
1741801460624,82455.53,7e-05,False
1741801460624,82456.03,0.00021,False
1741801460624,82456.08,0.00044,False
1741801460624,82456.14,0.00013,False
1741801460624,82456.35,7e-05,False
1741801460624,82456.56,0.003,False
1741801460624,82457.3,7e-05,False
1741801460638,82457.79,7e-05,False
1741801460638,82457.8,0.00504,False
1741801460638,82457.8,7e-05,False
1741801460638,82458.42,7e-05,False
1741801460638,82458.6,0.00013,False
1741801460638,82458.6,7e-05,False
1741801460638,82458.62,7e-05,False
1741801460638,82459.08,7e-05,False
1741801460638,82459.09,0.00504,False
1741801460638,82459.11,7e-05,False
1741801460638,82459.12,0.0093,False
1741801460645,82459.11,0.00108,True
1741801460951,82459.12,7e-05,False
1741801460951,82459.12,0.00014,False
1741801460951,82459.12,7e-05,False
1741801460951,82459.12,7e-05,False
1741801460951,82459.12,0.0001,False
1741801460951,82459.12,0.0001,False
1741801460951,82459.12,0.0001,False
1741801460951,82459.12,7e-05,False
1741801460951,82459.12,7e-05,False
1741801460951,82459.13,0.00054,False
1741801460951,82459.13,0.00013,False
1741801460951,82459.13,7e-05,False
1741801460951,82459.13,0.00013,False
1741801460951,82459.13,0.00014,False
1741801460951,82459.13,0.0001,False
1741801460951,82459.27,7e-05,False
1741801460951,82459.28,7e-05,False
1741801460951,82459.54,7e-05,False
1741801460951,82459.69,9e-05,False
1741801460951,82459.72,0.00068,False
1741801460951,82459.72,0.00057,False
1741801460951,82459.72,0.00057,False
1741801460951,82459.79,7e-05,False
1741801460951,82459.8,0.00237,False
1741801460951,82459.99,0.00026,False
1741801460951,82459.99,0.0007,False
1741801460951,82459.99,7e-05,False
1741801460951,82460.0,0.02425,False
1741801460951,82460.01,7e-05,False
1741801460951,82460.01,0.0001,False
1741801460960,82460.02,0.08022,False
1741801461012,82460.02,0.0001,False
1741801461012,82460.02,7e-05,False
1741801461012,82460.02,7e-05,False
1741801461012,82460.02,7e-05,False
1741801461012,82460.02,7e-05,False
1741801461012,82460.02,7e-05,False
1741801461012,82460.02,7e-05,False
1741801461012,82460.02,7e-05,False
1741801461012,82460.02,7e-05,False
1741801461012,82460.02,0.0001,False
1741801461012,82460.02,0.0001,False
1741801461012,82460.02,0.0001,False
1741801461012,82460.02,0.0001,False
1741801461012,82460.03,7e-05,False
1741801461012,82460.03,0.00014,False
1741801461012,82460.03,0.0001,False
1741801461012,82460.09,7e-05,False
1741801461012,82460.1,7e-05,False
1741801461012,82460.87,9e-05,False
1741801461012,82460.87,7e-05,False
1741801461012,82463.01,0.00016,False
1741801461012,82463.01,0.00016,False
1741801461012,82463.01,0.00015,False
1741801461012,82463.22,7e-05,False
1741801461012,82463.97,0.00018,False
1741801461012,82463.98,0.00011,False
1741801461012,82463.99,0.00012,False
1741801461012,82464.91,0.00025,False
1741801461012,82465.03,0.0001,False
1741801461012,82465.57,0.00013,False
1741801461012,82466.46,0.0003,False
1741801461012,82467.23,7e-05,False
1741801461012,82467.96,0.00013,False
1741801461012,82468.09,7e-05,False
1741801461018,82468.09,0.00106,True
1741801461975,82468.1,0.00072,False
1741801462111,82468.1,8e-05,False
1741801462169,82468.09,0.00024,True
1741801462471,82468.09,8e-05,True
1741801462667,82468.1,0.00262,False
1741801462766,82468.1,0.00177,False
1741801462772,82468.09,0.01039,True
1741801463326,82468.1,0.00275,False
1741801463709,82468.1,0.00019,False
1741801464086,82468.1,0.02424,False
1741801464246,82468.1,0.00012,False
1741801465164,82468.09,0.04739,True
1741801465164,82468.09,7e-05,True
1741801465164,82468.09,7e-05,True
1741801465164,82468.09,0.00013,True
1741801465164,82468.09,0.00608,True
1741801465164,82468.09,7e-05,True
1741801465164,82468.09,0.00345,True
1741801465164,82468.09,0.01778,True
1741801465164,82468.09,0.10044,True
1741801465164,82468.09,0.03031,True
1741801465164,82468.09,0.03031,True
1741801465164,82468.09,0.01519,True
1741801465164,82468.09,7e-05,True
1741801465164,82468.09,0.001,True
1741801465164,82468.09,0.0194,True
1741801465164,82468.09,7e-05,True
1741801465164,82468.09,0.03031,True
1741801465164,82468.09,0.03031,True
1741801465164,82468.09,0.03031,True
1741801465164,82468.09,0.06062,True
1741801465164,82468.09,0.01251,True
1741801465164,82468.09,0.0516,True
1741801465274,82468.1,0.00038,False
1741801465525,82468.1,0.00011,False
1741801465612,82468.1,7e-05,False
1741801465612,82468.1,7e-05,False
1741801465612,82468.1,7e-05,False
1741801465612,82468.1,3e-05,False
1741801465690,82468.09,7e-05,True
1741801465692,82468.09,0.00345,True
1741801465715,82468.1,0.0001,False
1741801465715,82468.1,0.00606,False
1741801465715,82468.1,0.16506,False
1741801465715,82468.1,0.23407,False
1741801465715,82468.1,0.00606,False
1741801465715,82468.1,0.00204,False
1741801465715,82468.1,0.02855,False
1741801465715,82468.1,9e-05,False
1741801465715,82468.1,0.01229,False
1741801465715,82468.1,0.00606,False
1741801465715,82468.1,7e-05,False
1741801465715,82468.1,7e-05,False
1741801465715,82468.1,7e-05,False
1741801465715,82468.1,0.00016,False
1741801465715,82468.1,7e-05,False
1741801465715,82468.1,7e-05,False
1741801465715,82468.11,0.00045,False
1741801465715,82468.11,0.00014,False
1741801465715,82468.11,0.00013,False
1741801465715,82468.11,0.00014,False
1741801465715,82468.11,7e-05,False
1741801465715,82468.12,7e-05,False
1741801465715,82468.13,7e-05,False
1741801465715,82468.14,7e-05,False
1741801465715,82468.25,0.00027,False
1741801465715,82468.25,0.00027,False
1741801465715,82468.33,0.00036,False
1741801465715,82468.41,0.00027,False
1741801465715,82468.41,0.00052,False
1741801465718,82469.78,0.00237,False
1741801465721,82470.49,7e-05,False
1741801465721,82470.49,0.0001,False
1741801465721,82470.49,0.0001,False
1741801465721,82470.5,0.0001,False
1741801465721,82470.77,7e-05,False
1741801465721,82470.97,0.00027,False
1741801465721,82470.97,7e-05,False
1741801465721,82471.32,7e-05,False
1741801465721,82471.44,7e-05,False
1741801465721,82472.29,0.00013,False
1741801465721,82472.3,0.00013,False
1741801465721,82473.77,0.01821,False
1741801465721,82473.77,0.00911,False
1741801465721,82473.77,0.00027,False
1741801465721,82473.89,0.00104,False
1741801465721,82474.1,8e-05,False
1741801465721,82474.95,7e-05,False
1741801466219,82474.95,0.00104,True
1741801466247,82474.95,0.01522,True
1741801466727,82474.96,7e-05,False
1741801466727,82474.96,6e-05,False
1741801467297,82474.95,0.00099,True
1741801467871,82474.95,0.00013,True
1741801467871,82474.95,7e-05,True
1741801467871,82474.95,7e-05,True
1741801467871,82474.95,7e-05,True
1741801467871,82474.95,7e-05,True
1741801467871,82474.95,0.0002,True
1741801467871,82474.95,7e-05,True
1741801467871,82474.95,7e-05,True
1741801467871,82474.95,0.00017,True
1741801467871,82474.95,0.00018,True
1741801467871,82474.95,0.0001,True
1741801467871,82474.95,0.0001,True
1741801467871,82474.95,0.0001,True
1741801467871,82474.95,0.0001,True
1741801467871,82474.95,0.0001,True
1741801467871,82474.95,0.0001,True
1741801467871,82474.95,0.0001,True
1741801467871,82474.95,0.0001,True
1741801467871,82474.95,0.0001,True
1741801467871,82474.95,0.0001,True
1741801467871,82474.95,0.0001,True
1741801467871,82474.95,0.00053,True
1741801467871,82474.94,0.00054,True
1741801467871,82474.94,0.00013,True
1741801467871,82474.94,0.00014,True
1741801467871,82474.94,7e-05,True
1741801467871,82474.94,7e-05,True
1741801467871,82474.94,0.00014,True
1741801467871,82474.94,0.0001,True
1741801467871,82474.93,7e-05,True
1741801467871,82474.93,7e-05,True
1741801467871,82474.92,7e-05,True
1741801467871,82474.92,7e-05,True
1741801467871,82474.85,7e-05,True
1741801467871,82474.85,7e-05,True
1741801467871,82474.76,7e-05,True
1741801467871,82474.62,7e-05,True
1741801467871,82474.43,7e-05,True
1741801467871,82472.72,7e-05,True
1741801467871,82472.71,0.00574,True
1741801467871,82472.71,0.07804,True
1741801467871,82470.01,7e-05,True
1741801467871,82469.78,0.00019,True
1741801467871,82468.91,7e-05,True
1741801467871,82468.91,7e-05,True
1741801468127,82468.9,0.00068,True
1741801468635,82468.9,0.00128,True
1741801468760,82468.91,0.00022,False
1741801468808,82468.91,0.00012,False
1741801469384,82468.9,0.00177,True
1741801469618,82468.9,0.00435,True
1741801470423,82468.91,0.00054,False
1741801470444,82468.9,0.02223,True
1741801470444,82468.9,0.014,True
1741801470444,82468.9,0.03031,True
1741801470444,82468.9,7e-05,True
1741801470444,82468.9,7e-05,True
1741801470444,82468.9,7e-05,True
1741801470444,82468.9,7e-05,True
1741801470444,82468.9,7e-05,True
1741801470444,82468.9,0.00014,True
1741801470444,82468.9,0.0001,True
1741801470444,82468.9,0.003,True
1741801470444,82468.9,0.003,True
1741801470444,82468.9,0.0001,True
1741801470444,82468.9,0.0001,True
1741801470444,82468.9,0.0001,True
1741801470444,82468.9,0.0002,True
1741801470444,82468.9,8e-05,True
1741801470444,82468.9,7e-05,True
1741801470444,82468.9,0.00739,True
1741801470444,82468.89,7e-05,True
1741801470444,82468.89,7e-05,True
1741801470444,82468.89,0.00014,True
1741801470444,82468.89,0.00014,True
1741801470444,82468.89,0.00013,True
1741801470444,82468.89,0.00051,True
1741801470444,82468.89,0.0001,True
1741801470444,82468.86,7e-05,True
1741801470444,82468.86,7e-05,True
1741801470444,82468.85,7e-05,True
1741801470444,82468.85,7e-05,True
1741801470444,82468.36,7e-05,True
1741801470444,82468.36,7e-05,True
1741801470444,82468.36,7e-05,True
1741801470444,82468.35,7e-05,True
1741801470444,82468.27,7e-05,True
1741801470444,82468.18,7e-05,True
1741801470444,82468.1,7e-05,True
1741801470444,82468.1,9e-05,True
1741801470501,82468.09,0.00016,True
1741801470522,82468.09,0.00016,True
1741801470524,82468.09,0.00016,True
1741801470533,82468.09,0.00016,True
1741801470536,82468.09,0.00016,True
1741801470563,82468.09,0.00016,True
1741801470564,82468.09,0.00016,True
1741801470566,82468.09,0.00016,True
1741801470572,82468.09,0.00016,True
1741801470574,82468.09,0.00016,True
1741801470575,82468.09,0.00016,True
1741801470594,82468.09,0.00016,True
1741801470600,82468.09,0.00016,True
1741801470601,82468.09,0.00016,True
1741801470601,82468.09,0.00015,True
1741801470606,82468.09,0.00016,True
1741801470612,82468.09,0.00016,True
1741801470613,82468.09,0.00016,True
1741801470614,82468.09,0.00016,True
1741801470615,82468.09,0.00016,True
1741801470622,82468.1,9e-05,False
1741801470634,82468.09,0.00016,True
1741801470640,82468.09,0.00016,True
1741801470642,82468.09,0.00015,True
1741801470642,82468.09,0.00016,True
1741801470643,82468.09,0.00016,True
1741801470646,82468.09,0.00016,True
1741801470650,82468.09,0.00016,True
1741801470652,82468.09,0.00016,True
1741801470659,82468.09,0.00016,True
1741801470670,82468.09,0.00016,True
1741801470679,82468.09,0.00015,True
1741801470681,82468.09,0.00016,True
1741801470682,82468.09,0.00016,True
1741801470686,82468.09,0.00016,True
1741801470686,82468.09,0.00016,True
1741801470691,82468.09,0.00016,True
1741801470695,82468.09,0.00016,True
1741801470701,82468.09,0.00016,True
1741801470713,82468.09,0.00015,True
1741801470718,82468.09,0.00016,True
1741801470720,82468.09,0.00016,True
1741801470721,82468.09,0.00016,True
1741801470723,82468.09,0.00016,True
1741801470727,82468.09,0.00016,True
1741801470730,82468.09,0.00016,True
1741801470736,82468.09,0.00016,True
1741801470743,82468.09,0.00015,True
1741801470751,82468.09,0.00016,True
1741801470759,82468.09,0.00016,True
1741801470760,82468.09,0.00016,True
1741801470761,82468.09,0.00016,True
1741801470768,82468.09,0.00016,True
1741801470769,82468.09,0.00016,True
1741801470772,82468.09,0.00016,True
1741801470794,82468.09,0.00016,True
1741801470796,82468.09,0.00016,True
1741801470802,82468.09,0.00016,True
1741801470803,82468.09,0.00016,True
1741801470806,82468.09,0.00016,True
1741801470809,82468.09,0.00016,True
1741801470826,82468.09,0.00016,True
1741801470838,82468.09,0.00016,True
1741801470841,82468.09,0.00016,True
1741801470845,82468.09,0.00016,True
1741801470848,82468.09,0.00016,True
1741801470848,82468.09,0.00016,True
1741801470867,82468.09,0.00016,True
1741801470877,82468.09,0.00016,True
1741801470877,82468.09,0.00016,True
1741801470879,82468.09,0.00016,True
1741801470882,82468.09,0.00016,True
1741801470884,82468.09,0.00016,True
1741801470898,82468.09,0.00016,True
1741801470942,82468.1,0.00052,False
1741801471002,82468.1,0.00014,False
1741801471143,82468.09,0.00012,True
1741801471334,82468.1,0.00056,False
1741801471518,82468.1,9e-05,False
1741801472168,82468.09,9e-05,True
1741801472359,82468.09,0.00087,True
1741801472590,82468.09,7e-05,True
1741801472607,82468.09,0.00036,True
1741801472771,82468.09,0.01717,True
1741801472771,82468.09,0.02609,True
1741801473359,82468.09,0.00292,True
1741801473796,82468.1,0.00802,False
1741801473796,82468.1,0.08442,False
1741801473796,82468.1,0.02006,False
1741801473807,82468.1,7e-05,False
1741801473807,82468.1,7e-05,False
1741801473807,82468.1,0.00014,False
1741801473807,82468.1,7e-05,False
1741801473807,82468.1,0.0002,False
1741801473807,82468.1,9e-05,False
1741801473807,82468.1,0.09174,False
1741801473833,82468.1,0.00826,False
1741801473833,82468.1,0.05018,False
1741801473833,82468.1,7e-05,False
1741801473833,82468.1,0.0001,False
1741801473833,82468.1,0.0001,False
1741801473833,82468.1,0.0001,False
1741801473833,82468.1,0.00032,False
1741801473833,82468.1,7e-05,False
1741801473833,82468.1,7e-05,False
1741801473833,82468.1,7e-05,False
1741801473833,82468.1,7e-05,False
1741801473833,82468.11,7e-05,False
1741801473833,82468.11,0.00013,False
1741801473833,82468.11,0.00014,False
1741801473833,82468.11,0.00013,False
1741801473833,82468.11,0.0001,False
1741801473833,82468.19,7e-05,False
1741801473833,82468.31,7e-05,False
1741801473833,82468.35,7e-05,False
1741801473833,82468.85,7e-05,False
1741801473833,82468.9,7e-05,False
1741801473833,82468.91,0.00304,False
1741801473833,82468.91,0.00156,False
1741801473861,82468.91,0.00766,False
1741801473861,82468.91,0.0001,False
1741801473861,82468.91,7e-05,False
1741801473861,82468.91,7e-05,False
1741801473861,82468.91,7e-05,False
1741801473861,82468.91,7e-05,False
1741801473861,82468.91,7e-05,False
1741801473861,82468.92,0.00013,False
1741801473861,82468.92,7e-05,False
1741801473861,82468.92,0.00013,False
1741801473861,82468.99,7e-05,False
1741801473861,82468.99,7e-05,False
1741801473861,82469.0,0.003,False
1741801473861,82469.0,0.003,False
1741801473861,82469.0,7e-05,False
1741801473861,82469.67,7e-05,False
1741801473861,82469.67,7e-05,False
1741801473861,82471.09,0.00032,False
1741801473861,82471.32,7e-05,False
1741801473861,82471.52,0.00016,False
1741801473861,82471.52,0.00016,False
1741801473861,82471.53,0.00015,False
1741801473861,82472.5,7e-05,False
