timestamp,price,volume,is_ask
1741635856606,78816.0,0.0001,False
1741635856606,78816.0,0.0001,False
1741635856606,78816.0,0.00014,False
1741635856606,78816.0,0.0001,False
1741635856606,78816.0,0.019,False
1741635856606,78816.0,0.0001,False
1741635856606,78816.0,0.01946,False
1741635856635,78816.0,0.00121,False
1741635856707,78816.0,0.03396,False
1741635856707,78816.0,0.0588,False
1741635856707,78816.0,0.00724,False
1741635857046,78816.0,0.00072,False
1741635857058,78815.99,0.00036,True
1741635857302,78815.99,0.00023,True
1741635857401,78816.0,0.00013,False
1741635857401,78816.0,0.00013,False
1741635857572,78815.99,0.00027,True
1741635857616,78815.99,0.00016,True
1741635857644,78816.0,0.00087,False
1741635857644,78816.0,0.00599,False
1741635857644,78816.0,0.00014,False
1741635857644,78816.0,0.00377,False
1741635857644,78816.0,0.0001,False
1741635857644,78816.01,7e-05,False
1741635857644,78816.01,0.00014,False
1741635857644,78816.01,0.00013,False
1741635857644,78816.01,0.00012,False
1741635857790,78816.0,7e-05,True
1741635857790,78816.0,0.0077,True
1741635857902,78816.01,0.00011,False
1741635857902,78816.01,3e-05,False
1741635857902,78816.01,0.00228,False
1741635857902,78816.01,0.00114,False
1741635857950,78816.01,0.0001,False
1741635857950,78816.01,0.0001,False
1741635857950,78816.01,0.0001,False
1741635857950,78816.01,0.01209,False
1741635857950,78816.01,0.01,False
1741635858002,78816.01,0.0001,False
1741635858002,78816.01,9e-05,False
1741635858047,78816.01,1e-05,False
1741635858047,78816.01,9e-05,False
1741635858055,78816.0,0.00028,True
1741635858095,78816.01,1e-05,False
1741635858095,78816.01,0.0001,False
1741635858095,78816.01,0.0001,False
1741635858095,78816.01,4e-05,False
1741635858095,78816.01,0.0001,False
1741635858095,78816.01,0.0066,False
1741635858095,78816.01,0.0033,False
1741635858143,78816.01,0.00099,False
1741635858465,78816.01,0.0001,False
1741635858465,78816.01,0.0001,False
1741635858465,78816.01,0.0001,False
1741635858465,78816.01,0.00014,False
1741635858465,78816.01,0.01956,False
1741635858507,78816.01,0.00043,False
1741635858614,78816.0,7e-05,True
1741635858614,78816.0,0.0001,True
1741635858614,78816.0,7e-05,True
1741635858614,78816.0,7e-05,True
1741635858614,78816.0,7e-05,True
1741635858614,78816.0,7e-05,True
1741635858614,78816.0,0.00469,True
1741635858836,78816.01,0.00033,False
1741635858963,78816.0,7e-05,True
1741635858963,78816.0,7e-05,True
1741635858963,78816.0,0.00025,True
1741635859081,78816.01,0.00126,False
1741635859303,78816.0,0.11291,True
1741635859303,78816.0,0.01365,True
1741635859303,78816.0,0.00014,True
1741635859303,78816.0,0.0003,True
1741635859303,78816.0,7e-05,True
1741635859303,78816.0,7e-05,True
1741635859303,78816.0,7e-05,True
1741635859303,78816.0,7e-05,True
1741635859303,78816.0,7e-05,True
1741635859303,78816.0,7e-05,True
1741635859303,78816.0,0.03383,True
1741635859303,78816.0,0.05588,True
1741635859303,78816.0,7e-05,True
1741635859303,78816.0,7e-05,True
1741635859303,78816.0,0.0001,True
1741635859303,78816.0,7e-05,True
1741635859303,78815.99,7e-05,True
1741635859303,78815.99,7e-05,True
1741635859303,78815.99,0.00013,True
1741635859303,78815.99,0.00014,True
1741635859303,78815.99,0.00013,True
1741635859303,78815.99,0.00666,True
1741635859303,78815.99,0.00066,True
1741635859303,78815.98,7e-05,True
1741635859303,78815.98,7e-05,True
1741635859303,78815.97,7e-05,True
1741635859303,78815.97,7e-05,True
1741635859303,78815.96,7e-05,True
1741635859303,78815.96,7e-05,True
1741635859303,78815.94,7e-05,True
1741635859303,78815.93,7e-05,True
1741635859303,78815.92,7e-05,True
1741635859304,78813.73,7e-05,True
1741635859304,78813.73,7e-05,True
1741635859304,78813.73,9e-05,True
1741635859304,78813.73,9e-05,True
1741635859304,78813.73,7e-05,True
1741635859304,78813.0,0.00011,True
1741635859304,78813.0,0.00011,True
1741635859304,78813.0,8e-05,True
1741635859304,78813.0,3e-05,True
1741635859304,78811.5,0.00076,True
1741635859307,78813.0,7e-05,True
1741635859307,78813.0,7e-05,True
1741635859314,78811.5,7e-05,True
1741635859314,78811.5,7e-05,True
1741635859324,78810.25,8e-05,True
1741635859324,78810.25,7e-05,True
1741635859324,78810.25,7e-05,True
1741635859324,78810.25,0.0001,True
1741635859324,78810.25,0.0001,True
1741635859324,78810.25,0.0001,True
1741635859324,78810.25,7e-05,True
1741635859324,78810.25,7e-05,True
1741635859324,78810.25,7e-05,True
1741635859324,78810.25,7e-05,True
1741635859324,78810.24,7e-05,True
1741635859324,78810.24,7e-05,True
1741635859324,78808.51,0.00022,True
1741635859324,78808.3,7e-05,True
1741635859324,78808.3,7e-05,True
1741635859324,78808.11,7e-05,True
1741635859324,78808.11,7e-05,True
1741635859324,78808.11,7e-05,True
1741635859324,78808.11,7e-05,True
1741635859324,78808.11,7e-05,True
1741635859324,78808.1,0.003,True
1741635859324,78808.1,7e-05,True
1741635859324,78808.1,7e-05,True
1741635859324,78807.99,0.00056,True
1741635859324,78807.99,7e-05,True
1741635859324,78807.89,7e-05,True
1741635859324,78807.89,7e-05,True
1741635859324,78807.89,7e-05,True
1741635859324,78807.89,7e-05,True
1741635859345,78807.88,7e-05,True
1741635859345,78807.88,7e-05,True
1741635859345,78807.88,0.0001,True
1741635859345,78807.88,0.00057,True
1741635859345,78807.88,7e-05,True
1741635859345,78807.88,7e-05,True
1741635859345,78807.88,7e-05,True
1741635859345,78807.88,7e-05,True
1741635859345,78807.87,0.00039,True
1741635859345,78807.87,7e-05,True
1741635859345,78807.87,7e-05,True
1741635859345,78807.78,0.00054,True
1741635859345,78807.78,7e-05,True
1741635859345,78807.78,7e-05,True
1741635859345,78807.71,7e-05,True
1741635859345,78807.71,7e-05,True
1741635859345,78807.71,7e-05,True
1741635859345,78807.71,7e-05,True
1741635859354,78807.55,7e-05,True
1741635859354,78807.55,7e-05,True
1741635859354,78807.55,0.00027,True
1741635859354,78807.55,0.00027,True
1741635859354,78807.55,7e-05,True
1741635859354,78807.55,7e-05,True
1741635859354,78807.55,0.0001,True
1741635859354,78807.55,7e-05,True
1741635859354,78807.55,7e-05,True
1741635859354,78807.55,7e-05,True
1741635859354,78807.55,0.00052,True
1741635859354,78807.55,7e-05,True
1741635859354,78807.55,7e-05,True
1741635859354,78807.54,7e-05,True
1741635859354,78807.54,7e-05,True
1741635859354,78807.45,0.00051,True
1741635859354,78807.45,7e-05,True
1741635859354,78807.45,7e-05,True
1741635859399,78807.03,8e-05,True
1741635859399,78807.03,7e-05,True
1741635859399,78807.03,7e-05,True
1741635859399,78807.03,7e-05,True
1741635859399,78807.03,7e-05,True
1741635859399,78807.03,0.00056,True
1741635859399,78807.03,0.00318,True
1741635859399,78807.03,7e-05,True
1741635859399,78807.03,7e-05,True
1741635859399,78807.02,0.00013,True
1741635859399,78807.02,7e-05,True
1741635859399,78807.02,7e-05,True
1741635859399,78807.02,0.00013,True
1741635859399,78807.02,0.00014,True
1741635859399,78806.93,0.00057,True
1741635859399,78806.93,7e-05,True
1741635859399,78806.93,7e-05,True
1741635859399,78806.35,7e-05,True
1741635859399,78806.35,7e-05,True
1741635859399,78805.04,0.00013,True
1741635859399,78805.04,0.00013,True
1741635859399,78805.04,7e-05,True
1741635859399,78805.04,7e-05,True
1741635859399,78804.64,0.00013,True
1741635859399,78804.64,7e-05,True
1741635859399,78804.4,7e-05,True
1741635859399,78804.4,7e-05,True
1741635859399,78804.4,7e-05,True
1741635859399,78804.4,7e-05,True
1741635859399,78804.39,0.00301,True
1741635859399,78804.39,7e-05,True
1741635859409,78803.38,0.00101,True
1741635859409,78803.38,7e-05,True
1741635859409,78803.38,7e-05,True
1741635859409,78803.38,7e-05,True
1741635859409,78803.38,7e-05,True
1741635859409,78803.38,0.0001,True
1741635859409,78803.38,0.00057,True
1741635859409,78803.38,7e-05,True
1741635859409,78803.38,7e-05,True
1741635859409,78803.38,7e-05,True
1741635859409,78803.37,0.00023,True
1741635859409,78803.28,0.00051,True
1741635859409,78802.79,7e-05,True
1741635859409,78802.79,7e-05,True
1741635859409,78802.79,7e-05,True
1741635859409,78801.71,0.00016,True
1741635859409,78801.71,0.00016,True
1741635859409,78801.71,0.00026,True
1741635859409,78801.34,0.00013,True
1741635859409,78801.34,7e-05,True
1741635859409,78801.34,7e-05,True
1741635859409,78800.75,0.001,True
1741635859409,78800.75,7e-05,True
1741635859409,78800.75,7e-05,True
1741635859409,78800.23,7e-05,True
1741635859409,78800.23,7e-05,True
1741635859409,78800.23,0.00255,True
1741635859409,78800.23,7e-05,True
1741635859409,78800.23,7e-05,True
1741635859409,78800.23,7e-05,True
1741635859409,78800.22,0.003,True
1741635859409,78800.22,7e-05,True
1741635859409,78799.63,0.00014,True
1741635859409,78799.63,7e-05,True
1741635859409,78798.26,7e-05,True
1741635859409,78798.26,7e-05,True
1741635859409,78797.41,0.00013,True
1741635859409,78797.05,0.00013,True
1741635859409,78796.54,7e-05,True
1741635859409,78795.88,7e-05,True
1741635859409,78795.88,7e-05,True
1741635859409,78795.88,7e-05,True
1741635859409,78795.87,0.00506,True
1741635859409,78795.75,7e-05,True
1741635859409,78795.75,7e-05,True
1741635859409,78795.75,7e-05,True
1741635859409,78795.34,0.00506,True
1741635859409,78795.05,0.00013,True
1741635859409,78795.05,0.00505,True
1741635859409,78794.09,7e-05,True
1741635859409,78794.09,7e-05,True
1741635859409,78794.09,7e-05,True
1741635859409,78793.38,0.001,True
1741635859409,78793.34,0.0001,True
1741635859409,78792.4,0.00013,True
1741635859409,78792.34,0.003,True
1741635859409,78792.25,0.00013,True
1741635859409,78792.2,0.00795,True
1741635859413,78792.2,7e-05,True
1741635859568,78792.21,0.0002,False
1741635859780,78792.2,7e-05,True
1741635859780,78792.2,7e-05,True
1741635859780,78792.2,7e-05,True
1741635859780,78792.2,7e-05,True
1741635859780,78792.2,7e-05,True
1741635859780,78792.2,7e-05,True
1741635859780,78792.2,0.00014,True
1741635859780,78792.2,0.00098,True
1741635859780,78792.2,0.0001,True
1741635859780,78792.2,0.0001,True
1741635859780,78792.2,0.0001,True
1741635859780,78792.19,0.00056,True
1741635859780,78792.19,7e-05,True
1741635859780,78792.19,7e-05,True
1741635859780,78792.19,0.00013,True
1741635859780,78792.19,0.00014,True
1741635859780,78792.19,0.00013,True
1741635859780,78792.19,7e-05,True
1741635859780,78792.13,7e-05,True
1741635859780,78792.13,7e-05,True
1741635859780,78792.13,7e-05,True
1741635859780,78792.13,7e-05,True
1741635859780,78792.13,7e-05,True
1741635859780,78792.12,7e-05,True
1741635859780,78792.12,7e-05,True
1741635859780,78792.12,0.00048,True
1741635859780,78792.12,0.00048,True
1741635859780,78792.12,0.00048,True
1741635859780,78792.12,0.00053,True
1741635859780,78792.11,0.00039,True
1741635859780,78792.11,7e-05,True
1741635859780,78792.11,7e-05,True
1741635859780,78792.1,7e-05,True
1741635859780,78791.98,0.001,True
1741635859780,78791.98,7e-05,True
1741635859780,78791.58,7e-05,True
1741635859780,78791.4,7e-05,True
1741635859780,78791.18,7e-05,True
1741635859780,78791.18,7e-05,True
1741635859780,78791.18,7e-05,True
1741635859780,78791.17,0.00234,True
1741635859780,78790.6,7e-05,True
1741635859780,78788.73,0.00026,True
1741635859780,78788.72,0.00031,True
1741635859780,78786.57,7e-05,True
1741635859780,78786.57,7e-05,True
1741635859780,78786.57,8e-05,True
1741635859780,78786.57,8e-05,True
1741635859780,78786.57,7e-05,True
1741635859780,78786.56,0.00485,True
1741635859933,78786.56,0.03836,True
1741635860046,78786.57,0.0004,False
1741635860056,78786.57,0.00099,False
1741635860114,78786.57,0.00065,False
1741635860189,78786.57,0.0007,False
1741635860247,78786.56,0.17115,True
1741635860247,78786.56,0.00442,True
1741635860247,78786.56,0.03627,True
1741635860247,78786.56,7e-05,True
1741635860247,78786.56,7e-05,True
1741635860247,78786.56,7e-05,True
1741635860247,78786.56,7e-05,True
1741635860247,78786.56,0.02318,True
1741635860247,78786.56,7e-05,True
1741635860247,78786.56,7e-05,True
1741635860247,78786.56,0.00013,True
1741635860247,78786.56,0.0001,True
1741635860247,78786.56,0.04483,True
1741635860247,78786.56,0.083,True
1741635860247,78786.56,0.0001,True
1741635860247,78786.56,0.0001,True
1741635860247,78786.56,0.00645,True
1741635860247,78786.55,0.00028,True
1741635860247,78786.55,7e-05,True
1741635860247,78786.55,7e-05,True
1741635860247,78786.55,0.00014,True
1741635860247,78786.55,0.00013,True
1741635860247,78786.55,0.00013,True
1741635860247,78786.49,7e-05,True
1741635860247,78786.49,7e-05,True
1741635860247,78786.49,0.00053,True
1741635860247,78786.48,7e-05,True
1741635860247,78786.48,7e-05,True
1741635860247,78785.92,0.00023,True
1741635860247,78785.92,7e-05,True
1741635860247,78785.92,7e-05,True
1741635860247,78785.91,7e-05,True
1741635860247,78785.82,7e-05,True
1741635860247,78785.82,7e-05,True
1741635860247,78785.82,7e-05,True
1741635860247,78785.82,0.00032,True
1741635860247,78785.82,0.00032,True
1741635860247,78785.82,0.00032,True
1741635860247,78785.82,7e-05,True
1741635860247,78785.81,0.27144,True
1741635860247,78785.81,7e-05,True
1741635860247,78784.99,0.01269,True
1741635860248,78784.32,0.003,True
1741635860248,78784.27,7e-05,True
1741635860248,78783.81,9e-05,True
1741635860248,78783.81,9e-05,True
1741635860248,78783.8,0.004,True
1741635860248,78783.42,0.0001,True
1741635860248,78783.41,0.05194,True
1741635860248,78783.1,0.00013,True
1741635860248,78780.4,0.00026,True
1741635860248,78780.3,0.00014,True
1741635860248,78779.9,0.0046,True
1741635860248,78779.9,0.01,True
1741635860248,78779.9,0.065,True
1741635860249,78779.9,0.02192,True
1741635860249,78779.64,0.00039,True
1741635860249,78779.06,0.0005,True
1741635860249,78778.45,0.00013,True
1741635860249,78776.57,0.00086,True
1741635860249,78776.57,0.00031,True
1741635860249,78776.56,0.001,True
1741635860249,78776.44,0.003,True
1741635860249,78775.59,0.00388,True
1741635860249,78773.99,0.03301,True
1741635860249,78773.99,0.065,True
1741635860249,78773.81,0.00013,True
1741635860258,78779.91,0.00014,True
1741635860288,78779.91,0.00054,True
1741635860288,78779.91,0.0001,True
1741635860288,78779.91,0.0001,True
1741635860288,78779.91,0.0001,True
1741635860288,78779.91,7e-05,True
1741635860288,78779.91,7e-05,True
1741635860288,78779.91,7e-05,True
1741635860288,78779.91,7e-05,True
1741635860288,78779.91,7e-05,True
1741635860288,78779.91,7e-05,True
1741635860288,78779.91,0.00013,True
1741635860288,78779.91,7e-05,True
1741635860288,78779.91,7e-05,True
1741635860288,78779.91,7e-05,True
1741635860288,78779.91,0.00029,True
1741635860288,78779.91,0.00033,True
1741635860288,78779.91,0.00029,True
1741635860288,78779.91,0.00014,True
1741635860288,78779.91,0.00015,True
1741635860288,78779.91,7e-05,True
1741635860288,78779.9,0.00056,True
1741635860288,78779.9,7e-05,True
1741635860288,78779.9,7e-05,True
1741635860288,78779.84,0.00051,True
1741635860288,78779.84,7e-05,True
1741635860288,78779.84,7e-05,True
1741635860288,78779.83,7e-05,True
1741635860288,78779.83,7e-05,True
1741635860288,78779.63,7e-05,True
1741635860288,78779.63,7e-05,True
1741635860288,78777.92,0.00029,True
1741635860288,78777.92,7e-05,True
1741635860288,78776.57,7e-05,True
1741635860288,78773.92,0.00075,True
1741635860288,78773.92,7e-05,True
1741635860288,78772.8,7e-05,True
1741635860288,78772.8,7e-05,True
1741635860288,78772.8,7e-05,True
1741635860331,78772.8,0.00016,False
1741635860347,78772.79,0.0387,True
1741635860551,78772.8,0.00369,False
1741635860583,78772.79,0.0002,True
1741635860661,78772.79,0.00495,True
1741635860661,78772.79,0.21897,True
1741635860661,78772.79,0.40318,True
1741635860673,78772.79,0.00017,True
1741635860795,78772.8,0.00017,False
1741635860802,78772.8,0.00017,False
1741635860807,78772.8,0.00017,False
1741635860811,78772.8,0.00017,False
1741635860815,78772.8,0.00017,False
1741635860819,78772.8,0.00017,False
1741635860833,78772.8,0.00017,False
1741635860835,78772.8,0.00215,False
1741635860837,78772.8,0.12956,False
1741635860837,78772.8,0.00016,False
1741635860837,78772.8,0.00735,False
1741635860837,78772.8,0.0001,False
1741635860837,78772.8,0.00014,False
1741635860837,78772.8,0.001,False
1741635860837,78772.8,0.0001,False
1741635860837,78772.8,0.0001,False
1741635860837,78772.8,0.0001,False
1741635860837,78772.81,0.00014,False
1741635860837,78772.81,0.00013,False
1741635860837,78772.81,0.00014,False
1741635860843,78777.99,0.00017,False
1741635860850,78777.99,0.00017,False
1741635860850,78777.99,0.00017,False
1741635860851,78777.99,0.00017,False
1741635860851,78777.99,0.00017,False
1741635860853,78777.99,0.00017,False
1741635860856,78777.99,0.00017,False
1741635860874,78777.99,0.00017,False
1741635860875,78777.99,0.00017,False
1741635860876,78777.99,0.00017,False
1741635861021,78777.98,0.00158,True
1741635861145,78777.98,0.00015,True
1741635861146,78777.99,0.00014,False
1741635861146,78777.99,0.0001,False
1741635861146,78777.99,0.0001,False
1741635861146,78777.99,0.0001,False
1741635861146,78778.0,0.00014,False
1741635861146,78778.0,0.00014,False
1741635861146,78778.01,0.00013,False
1741635861146,78778.72,7e-05,False
1741635861146,78780.68,0.003,False
1741635861146,78781.79,8e-05,False
1741635861146,78781.79,8e-05,False
1741635861146,78781.79,8e-05,False
1741635861146,78781.89,7e-05,False
1741635861151,78777.99,0.0001,False
1741635861151,78777.99,0.0001,False
1741635861151,78777.99,0.0001,False
1741635861151,78777.99,0.00014,False
1741635861151,78777.99,0.01,False
1741635861167,78777.99,9e-05,False
1741635861175,78777.99,0.00017,False
1741635861177,78777.99,0.05939,False
1741635861177,78777.99,0.06419,False
1741635861177,78777.99,0.0001,False
1741635861177,78777.99,0.0001,False
1741635861177,78777.99,0.0001,False
1741635861177,78777.99,0.0001,False
1741635861177,78777.99,0.0001,False
1741635861177,78780.0,0.00017,False
1741635861181,78780.0,0.0001,False
1741635861181,78780.0,7e-05,False
1741635861195,78780.0,0.0001,False
1741635861195,78780.0,7e-05,False
1741635861198,78780.0,7e-05,False
1741635861198,78780.0,7e-05,False
1741635861198,78780.0,3e-05,False
1741635861208,78780.0,4e-05,False
1741635861208,78780.0,7e-05,False
1741635861208,78780.0,7e-05,False
1741635861208,78780.0,0.0001,False
1741635861208,78780.0,0.0001,False
1741635861208,78780.0,0.0001,False
1741635861208,78780.0,7e-05,False
1741635861208,78780.0,7e-05,False
1741635861208,78780.0,7e-05,False
1741635861208,78780.0,7e-05,False
1741635861208,78780.0,7e-05,False
1741635861208,78780.01,0.00014,False
1741635861208,78780.01,7e-05,False
1741635861208,78780.01,7e-05,False
1741635861208,78782.0,7e-05,False
1741635861208,78782.0,7e-05,False
1741635861208,78782.86,7e-05,False
1741635861208,78782.86,7e-05,False
1741635861208,78783.98,0.00011,False
1741635861208,78783.98,7e-05,False
1741635861208,78783.98,7e-05,False
1741635861211,78784.0,7e-05,False
1741635861211,78784.0,0.0001,False
1741635861214,78784.0,0.0001,False
1741635861214,78784.0,7e-05,False
1741635861220,78784.0,3e-05,False
1741635861220,78784.0,7e-05,False
1741635861220,78784.0,7e-05,False
1741635861220,78784.0,7e-05,False
1741635861220,78784.0,7e-05,False
1741635861220,78784.0,7e-05,False
1741635861220,78784.0,0.0001,False
1741635861220,78784.0,7e-05,False
1741635861220,78784.0,0.0001,False
1741635861220,78784.0,7e-05,False
1741635861220,78784.0,7e-05,False
1741635861220,78784.0,0.00011,False
1741635861220,78784.0,0.00927,False
1741635861223,78784.0,0.0001,False
1741635861223,78784.0,7e-05,False
1741635861226,78784.0,3e-05,False
1741635861226,78784.0,0.0001,False
1741635861226,78784.0,4e-05,False
1741635861226,78784.0,3e-05,False
1741635861226,78784.0,7e-05,False
1741635861226,78784.0,7e-05,False
1741635861226,78784.0,7e-05,False
1741635861226,78784.0,7e-05,False
1741635861226,78784.0,7e-05,False
1741635861226,78784.0,7e-05,False
1741635861226,78784.0,0.00011,False
1741635861226,78784.01,0.00019,False
1741635861226,78784.01,7e-05,False
1741635861226,78784.01,7e-05,False
1741635861266,78785.04,7e-05,False
1741635861266,78785.04,7e-05,False
1741635861266,78785.04,3e-05,False
1741635861378,78785.04,0.00026,False
1741635861428,78785.04,7e-05,False
1741635861428,78785.04,7e-05,False
1741635861428,78785.04,7e-05,False
1741635861428,78785.04,0.0001,False
1741635861428,78785.04,0.0001,False
1741635861428,78785.04,0.0001,False
1741635861428,78785.04,7e-05,False
1741635861428,78785.04,7e-05,False
1741635861428,78785.04,7e-05,False
1741635861428,78785.04,0.00014,False
1741635861428,78785.04,7e-05,False
1741635861428,78785.04,7e-05,False
1741635861428,78785.04,7e-05,False
1741635861428,78785.04,0.01093,False
1741635861428,78785.04,0.01,False
1741635861547,78785.04,0.00033,False
1741635861612,78785.04,0.00028,False
1741635861727,78785.04,7e-05,False
1741635861727,78785.04,0.0001,False
1741635861727,78785.04,7e-05,False
1741635861727,78785.04,7e-05,False
1741635861727,78785.04,7e-05,False
1741635861727,78785.04,7e-05,False
1741635861727,78785.04,7e-05,False
1741635861727,78785.04,0.00014,False
1741635861727,78785.04,0.0001,False
1741635861727,78785.04,0.0001,False
1741635861727,78785.04,0.01114,False
1741635861727,78785.04,0.01,False
1741635861838,78785.04,0.0001,False
1741635861838,78785.04,7e-05,False
1741635861838,78785.04,7e-05,False
1741635861838,78785.04,7e-05,False
1741635861838,78785.04,7e-05,False
1741635861838,78785.04,7e-05,False
1741635861838,78785.04,7e-05,False
1741635861838,78785.04,0.00101,False
1741635861939,78785.03,0.00911,True
1741635861939,78785.03,0.08865,True
1741635861939,78785.03,0.17115,True
1741635861939,78785.03,0.154,True
1741635861939,78785.03,0.02336,True
1741635861939,78785.03,0.09821,True
1741635861939,78785.03,0.19879,True
1741635861939,78785.03,0.00014,True
1741635861939,78785.03,8e-05,True
1741635861939,78785.03,7e-05,True
1741635861939,78785.03,0.00473,True
1741635861939,78785.03,0.13846,True
1741635861939,78785.03,7e-05,True
1741635861939,78785.03,7e-05,True
1741635861939,78785.03,7e-05,True
1741635861939,78785.03,0.00067,True
1741635861939,78785.03,7e-05,True
1741635861939,78785.03,0.0002,True
1741635861939,78785.03,0.0001,True
1741635861939,78785.03,0.0001,True
1741635861939,78785.03,0.0002,True
1741635861939,78785.03,0.0001,True
1741635861939,78785.03,0.0244,True
1741635861939,78785.03,0.0002,True
1741635861939,78785.03,0.0001,True
1741635861939,78785.03,0.0001,True
1741635861939,78785.03,0.0001,True
1741635861939,78785.03,0.0001,True
1741635861939,78785.03,0.0001,True
1741635861939,78785.03,0.0002,True
1741635861939,78785.03,0.0001,True
1741635861939,78785.03,0.0852,True
1741635861947,78785.04,0.0001,False
1741635861947,78785.04,0.0001,False
1741635861947,78785.04,0.0001,False
1741635861947,78785.04,7e-05,False
1741635861947,78785.04,7e-05,False
1741635861947,78785.04,7e-05,False
1741635861947,78785.04,7e-05,False
1741635861947,78785.04,7e-05,False
1741635861947,78785.04,7e-05,False
1741635861947,78785.04,0.00014,False
1741635861947,78785.04,0.00129,False
1741635861947,78785.04,0.00202,False
1741635862102,78785.04,0.00058,False
1741635862102,78785.04,0.0001,False
1741635862102,78785.04,7e-05,False
1741635862102,78785.04,7e-05,False
1741635862102,78785.04,7e-05,False
1741635862102,78785.04,7e-05,False
1741635862102,78785.04,7e-05,False
1741635862102,78785.04,7e-05,False
1741635862102,78785.04,0.00404,False
1741635862107,78785.04,0.012,False
1741635862138,78785.04,0.001,False
1741635862466,78785.04,0.00213,False
1741635862515,78785.04,0.00253,False
1741635862549,78785.04,0.00025,False
1741635862561,78785.04,0.0001,False
1741635862561,78785.04,0.00014,False
1741635862561,78785.04,0.0001,False
1741635862561,78785.04,7e-05,False
1741635862561,78785.04,7e-05,False
1741635862561,78785.04,7e-05,False
1741635862561,78785.04,7e-05,False
1741635862561,78785.04,7e-05,False
1741635862561,78785.04,7e-05,False
1741635862561,78785.04,0.00067,False
1741635862561,78785.04,0.0001,False
1741635862561,78785.05,0.00013,False
1741635862561,78785.05,7e-05,False
1741635862561,78785.05,7e-05,False
1741635862561,78785.05,0.00013,False
1741635862561,78785.05,7e-05,False
1741635862561,78785.06,7e-05,False
1741635862561,78785.06,7e-05,False
1741635862561,78785.06,7e-05,False
1741635862610,78785.06,7e-05,False
1741635862610,78785.06,7e-05,False
1741635862610,78785.06,7e-05,False
1741635862610,78785.06,7e-05,False
1741635862610,78785.06,7e-05,False
1741635862610,78785.06,7e-05,False
1741635862610,78785.06,0.01158,False
1741635862797,78785.06,7e-05,False
1741635862797,78785.06,7e-05,False
1741635862797,78785.06,0.0001,False
1741635862797,78785.06,7e-05,False
1741635862797,78785.06,7e-05,False
1741635862797,78785.06,7e-05,False
1741635862797,78785.06,7e-05,False
1741635862797,78785.06,0.0001,False
1741635862797,78785.06,0.0001,False
1741635862797,78785.06,0.00013,False
1741635862797,78785.06,0.0001,False
1741635862797,78785.07,0.00013,False
1741635862797,78785.07,7e-05,False
1741635862797,78785.07,7e-05,False
1741635862797,78785.07,0.00013,False
1741635862797,78785.08,0.00013,False
1741635862797,78785.84,7e-05,False
1741635862797,78785.84,7e-05,False
1741635862797,78785.84,0.17625,False
1741635862797,78785.84,7e-05,False
1741635862797,78785.88,7e-05,False
1741635862797,78785.88,7e-05,False
1741635862797,78785.98,0.0001,False
1741635862797,78785.98,0.0001,False
1741635862797,78785.98,0.0001,False
1741635862797,78785.98,7e-05,False
1741635862797,78785.98,7e-05,False
1741635862797,78785.99,7e-05,False
1741635862797,78786.0,7e-05,False
1741635862797,78786.64,7e-05,False
1741635862797,78786.64,7e-05,False
1741635862828,78788.56,0.003,False
1741635862828,78788.56,0.0001,False
1741635862828,78788.56,7e-05,False
1741635862828,78788.56,7e-05,False
1741635862828,78788.56,7e-05,False
1741635862828,78788.56,7e-05,False
1741635862828,78788.56,7e-05,False
1741635862828,78788.56,7e-05,False
1741635862828,78788.56,0.00848,False
1741635862943,78788.56,0.0001,False
1741635862943,78788.56,7e-05,False
1741635862943,78788.56,7e-05,False
1741635862943,78788.56,7e-05,False
1741635862943,78788.56,7e-05,False
1741635862943,78788.56,7e-05,False
1741635862943,78788.56,7e-05,False
1741635862943,78788.56,0.0001,False
1741635862943,78788.56,0.00101,False
1741635862943,78788.56,0.00237,False
1741635863064,78788.55,0.00014,True
1741635863067,78788.56,0.013,False
1741635863104,78788.56,0.00363,False
1741635863104,78788.56,0.00303,False
1741635863104,78788.56,0.00013,False
1741635863104,78788.56,7e-05,False
1741635863104,78788.56,7e-05,False
1741635863104,78788.56,7e-05,False
1741635863104,78788.56,7e-05,False
1741635863104,78788.56,7e-05,False
1741635863104,78788.56,0.0001,False
1741635863104,78788.56,0.00076,False
1741635863251,78788.55,0.03975,True
1741635863383,78788.56,7e-05,False
1741635863383,78788.56,0.001,False
1741635863383,78788.56,7e-05,False
1741635863383,78788.56,7e-05,False
1741635863383,78788.56,7e-05,False
1741635863383,78788.56,7e-05,False
1741635863383,78788.56,7e-05,False
1741635863383,78788.56,0.01058,False
1741635863737,78788.56,0.00013,False
1741635863737,78788.56,0.0001,False
1741635863737,78788.56,7e-05,False
1741635863737,78788.56,7e-05,False
1741635863737,78788.56,7e-05,False
1741635863737,78788.56,7e-05,False
1741635863737,78788.56,7e-05,False
1741635863737,78788.56,7e-05,False
1741635863737,78788.56,0.0001,False
1741635863737,78788.56,0.00025,False
1741635863829,78788.56,0.00099,False
1741635863944,78788.56,0.002,False
1741635863984,78788.55,0.01725,True
1741635864047,78788.56,0.00025,False
1741635864050,78788.56,0.0086,False
1741635864076,78788.56,0.001,False
1741635864233,78788.56,0.012,False
1741635864234,78788.56,0.008,False
1741635864416,78788.55,0.01043,True
1741635864416,78788.55,0.02957,True
1741635864629,78788.55,0.00012,True
1741635864705,78788.55,0.02114,True
1741635864711,78788.56,7e-05,False
1741635864711,78788.56,3e-05,False
1741635865003,78788.56,4e-05,False
1741635865003,78788.56,3e-05,False
1741635865019,78788.56,4e-05,False
1741635865019,78788.56,7e-05,False
1741635865019,78788.56,7e-05,False
1741635865019,78788.56,0.00014,False
1741635865019,78788.56,0.01168,False
1741635865033,78788.55,0.02,True
1741635865048,78788.56,0.00732,False
1741635865048,78788.56,0.00468,False
1741635865279,78788.55,7e-05,True
1741635865279,78788.55,7e-05,True
1741635865279,78788.55,7e-05,True
1741635865279,78788.55,7e-05,True
1741635865279,78788.55,0.00014,True
1741635865279,78788.55,7e-05,True
1741635865279,78788.55,0.00601,True
1741635865279,78788.55,0.1,True
1741635865279,78788.55,7e-05,True
1741635865279,78788.55,0.0047,True
1741635865279,78788.55,0.01116,True
1741635865279,78788.55,7e-05,True
1741635865279,78788.55,0.00025,True
1741635865279,78788.55,0.0001,True
1741635865279,78788.55,0.0001,True
1741635865279,78788.55,0.0001,True
1741635865279,78788.54,0.00014,True
1741635865279,78788.54,0.00013,True
1741635865279,78788.54,7e-05,True
1741635865279,78788.54,7e-05,True
1741635865279,78788.54,0.00013,True
1741635865279,78788.53,7e-05,True
1741635865279,78788.53,7e-05,True
1741635865279,78788.53,0.00052,True
1741635865279,78788.41,7e-05,True
1741635865279,78788.41,7e-05,True
1741635865279,78788.4,7e-05,True
1741635865279,78788.4,7e-05,True
1741635865279,78788.23,7e-05,True
1741635865279,78788.23,7e-05,True
1741635865279,78787.2,7e-05,True
1741635865279,78787.19,7e-05,True
1741635865279,78786.65,7e-05,True
1741635865279,78785.04,7e-05,True
1741635865279,78785.04,7e-05,True
1741635865279,78785.04,7e-05,True
1741635865281,78785.03,0.01449,True
1741635865281,78785.03,0.00269,True
1741635865281,78785.03,0.003,True
1741635865281,78785.03,0.00107,True
1741635865281,78785.03,0.0001,True
1741635865320,78783.48,0.00011,True
1741635865320,78783.48,7e-05,True
1741635865320,78783.48,7e-05,True
1741635865320,78783.48,0.0001,True
1741635865320,78783.48,7e-05,True
1741635865320,78783.48,7e-05,True
1741635865320,78783.48,7e-05,True
1741635865320,78783.48,0.00011,True
1741635865320,78783.48,7e-05,True
1741635865320,78783.48,0.0001,True
1741635865320,78783.48,0.0001,True
1741635865320,78783.48,0.00013,True
1741635865320,78783.47,7e-05,True
1741635865320,78783.47,7e-05,True
1741635865320,78783.46,0.00052,True
1741635865320,78783.46,7e-05,True
1741635865320,78783.46,7e-05,True
1741635865320,78782.36,7e-05,True
1741635865320,78782.36,7e-05,True
1741635865320,78782.36,7e-05,True
1741635865320,78782.36,7e-05,True
1741635865320,78782.36,0.00017,True
1741635865320,78782.36,8e-05,True
1741635865320,78782.36,8e-05,True
1741635865320,78782.36,7e-05,True
1741635865321,78782.36,0.00061,False
1741635865354,78782.35,7e-05,True
1741635865354,78782.35,0.0001,True
1741635865354,78782.35,0.0001,True
1741635865354,78782.35,0.0001,True
1741635865354,78782.35,7e-05,True
1741635865354,78782.35,0.00058,True
1741635865354,78782.35,7e-05,True
1741635865354,78782.35,7e-05,True
1741635865354,78782.35,7e-05,True
1741635865354,78782.35,7e-05,True
1741635865354,78782.34,7e-05,True
1741635865354,78782.34,7e-05,True
1741635865354,78782.34,7e-05,True
1741635865354,78782.33,0.00056,True
1741635865354,78782.33,7e-05,True
1741635865354,78782.33,7e-05,True
1741635865354,78782.3,7e-05,True
1741635865354,78782.3,7e-05,True
1741635865354,78781.97,9e-05,True
1741635865354,78781.97,9e-05,True
1741635865354,78781.97,8e-05,True
1741635865354,78781.97,8e-05,True
1741635865354,78781.97,7e-05,True
1741635865354,78781.97,7e-05,True
1741635865354,78781.96,7e-05,True
1741635865354,78781.9,7e-05,True
1741635865354,78781.9,7e-05,True
1741635865354,78780.79,0.0001,True
1741635865354,78780.79,0.0001,True
1741635865354,78780.79,8e-05,True
1741635865354,78780.79,7e-05,True
1741635865354,78780.03,0.00011,True
1741635865354,78779.67,7e-05,True
1741635865354,78779.67,7e-05,True
1741635865354,78779.67,7e-05,True
1741635865464,78779.67,0.00137,False
1741635865549,78779.66,0.00016,True
1741635865696,78779.66,7e-05,True
1741635865696,78779.66,7e-05,True
1741635865696,78779.66,7e-05,True
1741635865696,78779.66,7e-05,True
1741635865696,78779.66,7e-05,True
1741635865696,78779.66,7e-05,True
1741635865696,78779.66,0.00013,True
1741635865696,78779.66,0.0001,True
1741635865696,78779.66,0.0001,True
1741635865696,78779.66,0.0001,True
1741635865696,78779.66,0.00058,True
1741635865696,78779.65,0.00014,True
1741635865696,78779.65,7e-05,True
1741635865696,78779.65,7e-05,True
1741635865696,78779.65,0.00013,True
1741635865696,78779.65,0.00014,True
1741635865696,78779.65,0.00055,True
1741635865696,78779.64,7e-05,True
1741635865696,78779.64,7e-05,True
1741635865696,78779.63,0.00014,True
1741635865696,78779.63,7e-05,True
1741635865696,78779.63,7e-05,True
1741635865696,78779.52,7e-05,True
1741635865696,78779.52,7e-05,True
1741635865696,78779.52,7e-05,True
1741635865696,78779.3,8e-05,True
1741635865696,78779.3,7e-05,True
1741635865696,78779.12,7e-05,True
1741635865696,78779.12,7e-05,True
1741635865696,78779.12,7e-05,True
1741635865696,78779.12,0.00014,True
1741635865696,78779.12,0.00014,True
1741635865696,78779.12,8e-05,True
1741635865696,78779.12,7e-05,True
1741635865696,78779.11,0.02333,True
1741635865709,78779.12,0.00063,False
1741635866031,78779.11,0.00912,True
1741635866130,78779.12,7e-05,False
1741635866130,78779.12,7e-05,False
1741635866130,78779.12,7e-05,False
1741635866130,78779.12,7e-05,False
1741635866130,78779.12,7e-05,False
1741635866130,78779.12,7e-05,False
1741635866130,78779.12,0.00013,False
1741635866130,78779.12,0.00145,False
1741635866133,78779.12,0.01,False
1741635866271,78779.11,0.00513,True
1741635866528,78779.12,7e-05,False
1741635866528,78779.12,7e-05,False
1741635866528,78779.12,7e-05,False
1741635866528,78779.12,7e-05,False
1741635866528,78779.12,7e-05,False
1741635866528,78779.12,0.00065,False
1741635866543,78779.12,0.00596,False
1741635866637,78779.11,0.00188,True
1741635866917,78779.12,7e-05,False
1741635866917,78779.12,0.00013,False
1741635866917,78779.12,7e-05,False
1741635866917,78779.12,7e-05,False
1741635866917,78779.12,7e-05,False
1741635866917,78779.12,7e-05,False
1741635866917,78779.12,7e-05,False
1741635866917,78779.12,0.0001,False
1741635866917,78779.13,0.00013,False
1741635866917,78779.13,0.00013,False
1741635866917,78779.13,7e-05,False
1741635866917,78779.13,7e-05,False
1741635866917,78779.14,7e-05,False
1741635866917,78779.14,7e-05,False
1741635866917,78779.3,7e-05,False
1741635866917,78779.3,7e-05,False
1741635866917,78779.31,7e-05,False
1741635866917,78779.31,7e-05,False
1741635866917,78779.5,7e-05,False
1741635866917,78779.51,7e-05,False
1741635866917,78779.64,7e-05,False
1741635866962,78779.51,7e-05,False
1741635866962,78779.51,7e-05,False
1741635866962,78779.51,7e-05,False
1741635866962,78779.51,7e-05,False
1741635866962,78779.51,7e-05,False
1741635866962,78779.51,7e-05,False
1741635866962,78779.51,0.0001,False
1741635867017,78779.64,7e-05,False
1741635867017,78779.64,7e-05,False
1741635867017,78779.64,7e-05,False
1741635867017,78779.64,0.0001,False
1741635867017,78779.64,7e-05,False
1741635867017,78779.64,7e-05,False
1741635867017,78779.64,7e-05,False
1741635867017,78779.65,0.00014,False
1741635867043,78779.65,7e-05,False
1741635867043,78779.65,7e-05,False
1741635867043,78779.65,0.0001,False
1741635867043,78779.65,7e-05,False
1741635867043,78779.65,7e-05,False
1741635867043,78779.65,7e-05,False
1741635867043,78779.65,7e-05,False
1741635867043,78779.65,7e-05,False
1741635867043,78779.65,7e-05,False
1741635867043,78779.67,0.00014,False
1741635867043,78779.67,7e-05,False
1741635867043,78779.67,7e-05,False
1741635867043,78780.3,7e-05,False
1741635867043,78780.3,7e-05,False
1741635867043,78781.5,7e-05,False
1741635867043,78781.5,7e-05,False
1741635867043,78781.63,7e-05,False
1741635867043,78781.63,7e-05,False
1741635867043,78781.64,7e-05,False
1741635867043,78781.88,0.00011,False
1741635867043,78781.88,7e-05,False
1741635867043,78781.89,7e-05,False
1741635867043,78781.89,7e-05,False
1741635867043,78782.82,0.0017,False
1741635867048,78782.82,7e-05,False
1741635867048,78782.82,3e-05,False
1741635867170,78782.82,4e-05,False
1741635867170,78782.82,7e-05,False
1741635867170,78782.82,7e-05,False
1741635867170,78782.82,7e-05,False
1741635867170,78782.82,7e-05,False
1741635867170,78782.82,0.0001,False
1741635867170,78782.82,7e-05,False
1741635867170,78782.82,7e-05,False
1741635867170,78782.82,7e-05,False
1741635867170,78782.82,0.0001,False
1741635867170,78782.82,7e-05,False
1741635867170,78782.82,7e-05,False
1741635867170,78782.82,0.00013,False
1741635867171,78782.83,0.00014,False
1741635867171,78782.83,7e-05,False
1741635867171,78782.83,7e-05,False
1741635867171,78783.48,0.00021,False
1741635867171,78783.48,0.00021,False
1741635867171,78783.48,0.00021,False
1741635867171,78783.48,8e-05,False
1741635867171,78783.48,7e-05,False
1741635867171,78783.48,7e-05,False
1741635867171,78783.49,0.00101,False
1741635867171,78783.49,0.00303,False
1741635867171,78783.49,7e-05,False
1741635867171,78783.49,7e-05,False
1741635867173,78784.0,7e-05,False
1741635867173,78784.0,7e-05,False
1741635867173,78784.0,0.0001,False
1741635867175,78784.0,7e-05,False
1741635867175,78784.0,7e-05,False
1741635867175,78784.0,7e-05,False
1741635867175,78784.0,7e-05,False
1741635867175,78784.26,7e-05,False
1741635867175,78785.99,0.00012,False
1741635867175,78785.99,0.00012,False
1741635867175,78786.0,7e-05,False
1741635867175,78786.0,7e-05,False
1741635867175,78786.27,7e-05,False
1741635867175,78786.27,7e-05,False
1741635867175,78786.64,7e-05,False
1741635867175,78787.55,0.003,False
1741635867175,78787.55,7e-05,False
1741635867175,78787.55,7e-05,False
1741635867175,78787.7,0.004,False
1741635867175,78787.7,7e-05,False
1741635867175,78787.7,7e-05,False
1741635867175,78787.74,0.00013,False
1741635867175,78787.74,7e-05,False
1741635867175,78788.0,7e-05,False
1741635867175,78788.55,7e-05,False
1741635867175,78788.56,0.00056,False
1741635867175,78788.56,0.00288,False
1741635867177,78788.54,0.006,True
1741635867327,78788.55,0.0001,True
1741635867461,78788.56,0.00059,False
1741635867629,78788.55,0.00012,True
1741635867750,78788.56,0.0001,False
1741635867823,78788.55,0.00029,True
1741635867844,78788.56,0.00099,False
1741635867846,78788.55,0.0708,True
1741635867853,78788.56,0.00102,False
1741635867871,78788.56,0.00063,False
1741635867907,78788.56,0.00141,False
1741635867907,78788.56,0.0001,False
1741635867907,78788.56,7e-05,False
1741635867907,78788.56,7e-05,False
1741635867907,78788.56,7e-05,False
1741635867907,78788.56,0.00028,False
1741635867907,78788.56,7e-05,False
1741635867907,78788.56,0.00013,False
1741635867907,78788.56,7e-05,False
1741635867907,78788.56,0.00013,False
1741635867907,78788.56,0.00025,False
1741635867907,78788.56,0.00013,False
1741635867907,78788.56,7e-05,False
1741635867907,78788.57,0.00025,False
1741635867907,78788.57,0.00014,False
1741635867907,78788.57,7e-05,False
1741635867907,78788.57,7e-05,False
1741635867907,78788.57,0.00014,False
1741635867907,78788.58,0.00013,False
1741635867907,78788.58,7e-05,False
1741635867907,78788.58,7e-05,False
1741635867911,78789.01,7e-05,False
1741635867911,78789.01,7e-05,False
1741635867911,78789.01,7e-05,False
1741635867951,78789.01,3e-05,False
1741635867951,78789.01,7e-05,False
1741635867951,78789.01,7e-05,False
1741635867951,78789.01,7e-05,False
1741635867951,78789.01,7e-05,False
1741635867951,78789.01,7e-05,False
1741635867951,78789.01,7e-05,False
1741635867951,78789.01,0.00014,False
1741635867951,78789.56,7e-05,False
1741635867951,78789.56,7e-05,False
1741635867951,78789.57,0.024,False
1741635867951,78789.57,7e-05,False
1741635867951,78789.57,7e-05,False
1741635867951,78789.8,7e-05,False
1741635867951,78789.8,7e-05,False
1741635867951,78789.8,7e-05,False
1741635867983,78789.85,7e-05,False
1741635867983,78789.85,7e-05,False
1741635867983,78789.85,7e-05,False
1741635867983,78789.85,7e-05,False
1741635867983,78789.85,7e-05,False
1741635867983,78789.85,7e-05,False
1741635867983,78789.85,0.0001,False
1741635867983,78789.86,7e-05,False
1741635867983,78789.86,7e-05,False
1741635867983,78789.86,7e-05,False
1741635867983,78789.98,7e-05,False
1741635867983,78789.98,7e-05,False
1741635867983,78789.98,7e-05,False
1741635867983,78789.98,7e-05,False
1741635867983,78789.98,7e-05,False
1741635867983,78789.99,0.00044,False
1741635867995,78789.99,0.00021,False
1741635867995,78789.99,7e-05,False
1741635867995,78789.99,7e-05,False
1741635867995,78789.99,0.0001,False
1741635867995,78789.99,7e-05,False
1741635867995,78789.99,7e-05,False
1741635867995,78789.99,7e-05,False
1741635867995,78789.99,4e-05,False
1741635867996,78789.99,3e-05,False
1741635867996,78789.99,7e-05,False
1741635867997,78790.59,7e-05,False
1741635867997,78790.59,7e-05,False
1741635868002,78791.39,7e-05,False
1741635868002,78791.39,7e-05,False
1741635868002,78791.39,7e-05,False
1741635868002,78791.39,7e-05,False
1741635868002,78791.39,7e-05,False
1741635868002,78791.39,7e-05,False
1741635868002,78791.39,0.0001,False
1741635868002,78791.4,7e-05,False
1741635868008,78792.11,0.00011,False
1741635868008,78792.11,0.00011,False
1741635868009,78792.11,0.00011,False
1741635868009,78792.11,0.0001,False
1741635868009,78792.11,7e-05,False
1741635868009,78792.11,7e-05,False
1741635868009,78792.11,7e-05,False
1741635868009,78792.11,7e-05,False
1741635868009,78792.11,7e-05,False
1741635868009,78792.11,7e-05,False
1741635868009,78792.12,7e-05,False
1741635868009,78792.12,7e-05,False
1741635868009,78793.24,7e-05,False
1741635868009,78793.24,7e-05,False
1741635868009,78793.25,9e-05,False
1741635868009,78793.25,7e-05,False
1741635868009,78793.25,7e-05,False
1741635868009,78793.31,0.00013,False
1741635868009,78793.31,7e-05,False
1741635868009,78793.31,7e-05,False
1741635868009,78794.0,7e-05,False
1741635868009,78794.07,0.00505,False
1741635868009,78794.07,7e-05,False
1741635868009,78794.55,7e-05,False
1741635868009,78794.98,0.01462,False
1741635868009,78795.16,0.09242,False
1741635868009,78795.16,0.05904,False
1741635868009,78795.16,0.01227,False
1741635868010,78795.16,0.01002,False
1741635868010,78795.16,0.17377,False
1741635868010,78795.16,0.19768,False
1741635868010,78795.16,0.01711,False
1741635868010,78795.16,0.11136,False
1741635868010,78795.16,0.21298,False
1741635868010,78795.16,0.09549,False
1741635868010,78795.16,0.03937,False
1741635868011,78795.16,0.29569,False
1741635868011,78795.16,0.02942,False
1741635868011,78795.16,0.01,False
1741635868011,78795.16,0.0922,False
1741635868011,78795.16,0.05118,False
1741635868012,78796.13,0.00151,False
1741635868014,78796.13,7e-05,False
1741635868014,78796.13,7e-05,False
1741635868014,78796.41,7e-05,False
1741635868014,78796.41,7e-05,False
1741635868014,78796.44,0.00505,False
1741635868014,78796.44,7e-05,False
1741635868014,78797.0,0.07107,False
1741635868014,78797.0,7e-05,False
1741635868014,78797.01,0.00875,False
1741635868014,78797.01,7e-05,False
1741635868014,78797.04,0.00013,False
1741635868014,78797.2,0.004,False
1741635868014,78797.66,7e-05,False
1741635868014,78797.72,7e-05,False
1741635868014,78798.06,0.001,False
1741635868014,78798.41,7e-05,False
1741635868014,78798.41,7e-05,False
1741635868014,78798.42,0.01805,False
1741635868014,78798.73,0.00662,False
1741635868014,78799.25,0.00031,False
1741635868014,78799.3,7e-05,False
1741635868014,78799.6,0.00013,False
1741635868014,78799.95,0.00041,False
1741635868014,78800.0,0.10152,False
1741635868014,78800.07,0.09685,False
1741635868018,78800.89,7e-05,False
1741635868018,78801.11,8e-05,False
1741635868018,78801.62,0.00985,False
1741635868020,78801.62,0.00013,False
1741635868032,78801.62,0.00315,False
1741635868032,78801.62,7e-05,False
1741635868032,78801.62,7e-05,False
1741635868032,78801.62,0.0001,False
1741635868032,78801.62,7e-05,False
1741635868032,78801.62,7e-05,False
1741635868032,78801.62,7e-05,False
1741635868032,78801.62,7e-05,False
1741635868032,78801.62,7e-05,False
1741635868032,78801.62,7e-05,False
1741635868032,78801.62,7e-05,False
1741635868032,78801.64,0.00013,False
1741635868032,78801.69,7e-05,False
1741635868032,78801.69,7e-05,False
1741635868032,78802.04,0.0005,False
1741635868032,78802.04,0.0005,False
1741635868032,78802.05,7e-05,False
1741635868032,78802.05,7e-05,False
1741635868032,78802.08,0.01071,False
1741635868037,78802.08,0.00144,False
1741635868037,78802.08,7e-05,False
1741635868037,78802.08,0.0001,False
1741635868037,78802.08,7e-05,False
1741635868037,78802.08,7e-05,False
1741635868037,78802.08,7e-05,False
1741635868037,78802.08,7e-05,False
1741635868037,78802.08,7e-05,False
1741635868037,78802.74,7e-05,False
1741635868037,78802.74,7e-05,False
1741635868037,78803.14,0.00115,False
1741635868037,78803.14,7e-05,False
1741635868037,78803.14,7e-05,False
1741635868037,78803.53,0.00061,False
1741635868055,78803.53,7e-05,False
1741635868055,78803.53,7e-05,False
1741635868055,78803.53,0.00016,False
1741635868055,78803.53,7e-05,False
1741635868055,78803.53,7e-05,False
1741635868055,78803.53,7e-05,False
1741635868055,78803.53,7e-05,False
1741635868055,78803.53,7e-05,False
1741635868055,78803.53,7e-05,False
1741635868055,78803.53,0.0001,False
1741635868055,78803.54,7e-05,False
1741635868055,78803.54,7e-05,False
1741635868055,78803.7,7e-05,False
1741635868055,78803.7,7e-05,False
1741635868055,78803.94,7e-05,False
1741635868055,78803.94,7e-05,False
1741635868055,78804.04,0.001,False
1741635868055,78804.04,7e-05,False
1741635868055,78804.04,7e-05,False
1741635868055,78804.17,0.0001,False
1741635868055,78804.17,0.0001,False
1741635868055,78804.17,0.00017,False
1741635868055,78804.17,7e-05,False
1741635868055,78805.33,7e-05,False
1741635868055,78805.34,0.01011,False
1741635868078,78805.33,0.00017,True
1741635868164,78805.34,0.00016,False
1741635868260,78805.33,8e-05,True
1741635868376,78805.34,0.00412,False
1741635868447,78805.33,0.00165,True
1741635868447,78805.33,0.03119,True
1741635868465,78805.33,7e-05,True
1741635868465,78805.33,7e-05,True
1741635868465,78805.33,7e-05,True
1741635868465,78805.33,7e-05,True
1741635868465,78805.33,0.00026,True
1741635868465,78805.33,0.00014,True
1741635868465,78805.33,0.0001,True
1741635868465,78805.33,0.13937,True
1741635868465,78805.33,0.0001,True
1741635868465,78805.33,0.0001,True
1741635868465,78805.33,0.01403,True
1741635868465,78805.32,7e-05,True
1741635868465,78805.32,7e-05,True
1741635868465,78805.32,0.00014,True
1741635868465,78805.32,0.00013,True
1741635868465,78805.31,7e-05,True
1741635868465,78805.31,0.00051,True
1741635868465,78805.17,7e-05,True
1741635868465,78805.16,7e-05,True
1741635868465,78804.85,7e-05,True
1741635868465,78804.38,7e-05,True
1741635868465,78803.77,7e-05,True
1741635868465,78803.27,7e-05,True
1741635868465,78800.34,0.00018,True
1741635868465,78800.34,0.00018,True
1741635868465,78799.05,7e-05,True
1741635868465,78799.05,7e-05,True
1741635868465,78799.05,7e-05,True
1741635868504,78799.04,7e-05,True
1741635868504,78799.04,0.01932,True
1741635868504,78799.04,0.0001,True
1741635868504,78799.04,0.0001,True
1741635868505,78799.03,0.00014,True
1741635868505,78799.03,7e-05,True
1741635868505,78799.02,0.00053,True
1741635868505,78799.02,7e-05,True
1741635868505,78798.52,7e-05,True
1741635868505,78798.39,7e-05,True
1741635868505,78798.38,7e-05,True
1741635868505,78797.05,0.00016,True
1741635868505,78797.05,0.00016,True
1741635868505,78797.05,7e-05,True
1741635868505,78797.02,7e-05,True
1741635868511,78796.94,0.0001,True
1741635868511,78796.94,0.0001,True
1741635868511,78796.94,0.0001,True
1741635868511,78796.94,7e-05,True
1741635868511,78795.47,7e-05,True
1741635868511,78795.47,7e-05,True
1741635868511,78795.47,7e-05,True
1741635868511,78795.47,0.00051,True
1741635868511,78795.47,7e-05,True
1741635868511,78793.95,0.00016,True
1741635868511,78793.95,0.00016,True
1741635868511,78793.69,0.00013,True
1741635868511,78793.69,7e-05,True
1741635868511,78793.53,7e-05,True
1741635868511,78793.53,7e-05,True
1741635868511,78793.53,7e-05,True
1741635868511,78793.53,7e-05,True
1741635868511,78793.52,7e-05,True
1741635868511,78793.34,0.0001,True
1741635868511,78793.34,7e-05,True
1741635868511,78792.77,0.03663,True
1741635868511,78792.13,7e-05,True
1741635868511,78792.13,7e-05,True
1741635868511,78792.13,7e-05,True
1741635868511,78792.13,7e-05,True
1741635868511,78792.12,0.09701,True
1741635868512,78792.12,0.07211,True
1741635868512,78792.12,0.0141,True
1741635868512,78792.12,0.04284,True
1741635868512,78792.12,0.08918,True
1741635868512,78792.12,0.05382,True
1741635868512,78792.12,7e-05,True
1741635868513,78789.76,0.00013,True
1741635868513,78789.2,0.15117,True
1741635868515,78789.2,0.00352,True
1741635868515,78789.2,7e-05,True
1741635868515,78789.1,0.00394,True
1741635868515,78789.1,7e-05,True
1741635868515,78788.57,7e-05,True
1741635868515,78788.57,7e-05,True
1741635868515,78788.57,7e-05,True
1741635868574,78787.82,0.00013,False
1741635868697,78787.82,0.00063,False
1741635868763,78787.81,0.00017,True
1741635868763,78787.81,0.00013,True
1741635868763,78787.81,0.00053,True
1741635868763,78787.81,0.0001,True
1741635868763,78787.81,0.0001,True
1741635868763,78787.81,0.0001,True
1741635868763,78787.8,0.00014,True
1741635868763,78787.8,0.00014,True
1741635868763,78787.8,0.00013,True
1741635868763,78787.79,0.00058,True
1741635868763,78787.44,7e-05,True
1741635868763,78787.35,0.00023,True
1741635868763,78787.35,0.00033,True
1741635868763,78787.35,0.00033,True
1741635868763,78785.46,0.00031,True
1741635868763,78785.06,7e-05,True
1741635868763,78782.96,7e-05,True
1741635868763,78782.96,7e-05,True
1741635868763,78782.96,7e-05,True
1741635868832,78781.4,0.00025,False
1741635868887,78781.4,0.00382,False
1741635868894,78781.4,0.00299,False
1741635868894,78781.4,0.00426,False
1741635868957,78781.39,0.00013,True
1741635869148,78781.4,7e-05,False
1741635869187,78781.4,0.00014,False
1741635869187,78781.41,0.00013,False
1741635869187,78781.41,0.00013,False
1741635869187,78781.41,0.00014,False
1741635869187,78781.89,7e-05,False
1741635869187,78783.47,7e-05,False
1741635869187,78784.0,0.00132,False
1741635869417,78783.99,0.04,True
1741635869550,78784.0,7e-05,False
1741635869550,78784.0,7e-05,False
1741635869550,78784.0,7e-05,False
1741635869550,78784.0,0.00013,False
1741635869550,78784.0,7e-05,False
1741635869550,78784.0,7e-05,False
1741635869550,78784.0,7e-05,False
1741635869550,78784.01,0.00013,False
1741635869550,78784.01,0.00013,False
1741635869550,78784.01,7e-05,False
1741635869550,78784.01,7e-05,False
1741635869550,78784.02,0.00014,False
1741635869550,78784.02,7e-05,False
1741635869550,78784.02,7e-05,False
1741635869550,78784.73,7e-05,False
1741635869550,78784.73,7e-05,False
1741635869550,78785.72,7e-05,False
1741635869550,78785.72,7e-05,False
1741635869550,78785.99,7e-05,False
1741635869550,78786.0,0.01142,False
1741635869597,78786.0,7e-05,False
1741635869597,78786.0,7e-05,False
1741635869597,78786.0,7e-05,False
1741635869597,78786.0,7e-05,False
1741635869597,78786.0,7e-05,False
1741635869597,78786.0,7e-05,False
1741635869597,78786.76,7e-05,False
1741635869597,78786.76,7e-05,False
1741635869597,78788.0,0.0223,False
1741635869597,78788.0,7e-05,False
1741635869597,78788.0,7e-05,False
1741635869839,78788.38,7e-05,False
1741635869839,78788.38,0.0025,False
1741635869848,78788.37,0.00924,True
1741635869992,78788.38,0.00028,False
1741635870168,78788.38,0.00026,False
1741635870541,78788.38,0.00126,False
1741635870585,78788.38,0.001,False
1741635871040,78788.37,7e-05,True
1741635871040,78788.37,7e-05,True
1741635871040,78788.37,7e-05,True
1741635871040,78788.37,0.00101,True
1741635871040,78788.37,0.00302,True
1741635871040,78788.37,0.00013,True
1741635871040,78788.37,7e-05,True
1741635871040,78788.37,7e-05,True
1741635871040,78788.37,7e-05,True
1741635871040,78788.37,0.00031,True
1741635871040,78788.37,8e-05,True
1741635871040,78788.37,0.00053,True
1741635871040,78788.37,0.001,True
1741635871040,78788.37,0.00231,True
1741635871040,78788.37,0.06079,True
1741635871040,78788.37,0.03177,True
1741635871041,78788.37,0.35192,True
1741635871041,78788.37,0.00848,True
1741635871041,78788.37,0.04036,True
1741635871041,78788.37,0.0001,True
1741635871041,78788.37,0.0001,True
1741635871041,78788.37,0.0001,True
1741635871041,78788.37,0.0001,True
1741635871041,78788.36,0.00013,True
1741635871041,78788.36,7e-05,True
1741635871041,78788.36,7e-05,True
1741635871041,78788.36,0.00013,True
1741635871041,78788.36,0.00013,True
1741635871041,78788.36,0.00054,True
1741635871041,78788.35,7e-05,True
1741635871041,78788.35,7e-05,True
1741635871041,78788.23,7e-05,True
1741635871041,78788.23,7e-05,True
1741635871041,78788.06,7e-05,True
1741635871041,78788.06,7e-05,True
1741635871041,78788.05,7e-05,True
1741635871041,78788.04,7e-05,True
1741635871041,78788.03,7e-05,True
1741635871041,78788.01,7e-05,True
1741635871041,78788.01,7e-05,True
1741635871041,78788.01,7e-05,True
1741635871041,78786.01,7e-05,True
1741635871041,78786.01,7e-05,True
1741635871041,78786.01,7e-05,True
1741635871041,78786.0,8e-05,True
1741635871041,78786.0,8e-05,True
1741635871041,78786.0,7e-05,True
1741635871041,78786.0,7e-05,True
1741635871041,78786.0,7e-05,True
1741635871042,78785.99,0.1,True
1741635871042,78784.01,9e-05,True
1741635871042,78784.01,9e-05,True
1741635871105,78783.99,7e-05,True
1741635871105,78783.99,0.00054,True
1741635871105,78783.99,7e-05,True
1741635871105,78783.99,7e-05,True
1741635871105,78783.99,7e-05,True
1741635871105,78783.99,7e-05,True
1741635871105,78783.99,7e-05,True
1741635871105,78783.99,0.0001,True
1741635871105,78783.99,0.0001,True
1741635871105,78783.99,0.0001,True
1741635871105,78783.98,0.00053,True
1741635871105,78783.98,7e-05,True
1741635871105,78783.98,7e-05,True
1741635871105,78783.98,0.00019,True
1741635871105,78783.98,0.00014,True
1741635871105,78783.48,7e-05,True
1741635871105,78783.48,7e-05,True
1741635871105,78783.48,7e-05,True
1741635871105,78782.63,8e-05,True
1741635871105,78782.63,7e-05,True
1741635871105,78782.63,7e-05,True
1741635871105,78782.09,7e-05,True
1741635871105,78782.09,7e-05,True
1741635871105,78782.09,0.00026,True
1741635871105,78782.09,0.00026,True
1741635871105,78782.09,0.00026,True
1741635871105,78782.08,7e-05,True
1741635871105,78781.9,7e-05,True
1741635871105,78781.9,7e-05,True
1741635871105,78781.39,0.00126,True
1741635871105,78781.39,7e-05,True
1741635871105,78780.68,7e-05,True
1741635871105,78780.68,7e-05,True
1741635871105,78780.68,7e-05,True
1741635871105,78780.67,0.003,True
1741635871105,78780.31,7e-05,True
1741635871105,78780.3,0.00014,True
1741635871105,78780.01,7e-05,True
1741635871105,78780.01,7e-05,True
1741635871105,78780.01,7e-05,True
1741635871305,78780.01,0.00513,False
1741635871389,78780.01,0.02058,False
1741635871574,78780.0,7e-05,True
1741635871574,78780.0,7e-05,True
1741635871574,78780.0,0.00228,True
1741635871574,78780.0,0.05206,True
1741635871574,78780.0,0.01352,True
1741635871574,78780.0,0.01288,True
1741635871575,78780.0,0.01365,True
1741635871575,78780.0,0.01567,True
1741635871575,78780.0,0.06268,True
1741635871577,78780.0,0.02785,True
1741635871683,78780.0,7e-05,True
1741635871683,78780.0,7e-05,True
1741635871683,78780.0,7e-05,True
1741635871683,78780.0,0.00014,True
1741635871683,78780.0,7e-05,True
1741635871683,78780.0,0.0001,True
1741635871683,78780.0,0.0001,True
1741635871683,78780.0,0.0001,True
1741635871683,78780.0,7e-05,True
1741635871683,78780.0,7e-05,True
1741635871683,78780.0,0.00052,True
1741635871683,78779.99,0.0002,True
1741635871683,78779.99,0.00052,True
1741635871683,78779.99,7e-05,True
1741635871683,78779.99,7e-05,True
1741635871683,78779.99,0.00014,True
1741635871683,78779.99,0.00013,True
1741635871683,78779.99,0.00014,True
1741635871683,78779.93,0.00011,True
1741635871683,78779.93,0.00011,True
1741635871683,78779.93,0.00011,True
1741635871683,78779.93,7e-05,True
1741635871683,78779.93,7e-05,True
1741635871683,78779.92,7e-05,True
1741635871683,78779.92,7e-05,True
1741635871683,78779.91,7e-05,True
1741635871683,78779.91,7e-05,True
1741635871683,78779.91,7e-05,True
1741635871683,78779.91,7e-05,True
1741635871683,78779.91,0.0001,True
1741635871683,78779.91,0.0001,True
1741635871683,78779.91,7e-05,True
1741635871683,78779.9,0.10152,True
1741635871683,78779.9,7e-05,True
1741635871683,78779.52,7e-05,True
1741635871683,78779.11,0.00069,True
1741635871683,78779.11,7e-05,True
1741635871683,78778.45,0.00013,True
1741635871683,78778.11,0.00017,True
1741635871683,78778.11,7e-05,True
1741635871683,78778.11,7e-05,True
1741635871683,78778.11,7e-05,True
1741635871683,78778.11,7e-05,True
1741635871683,78778.11,7e-05,True
1741635871683,78778.1,0.14678,True
1741635871685,78776.48,0.001,True
1741635871685,78776.31,7e-05,True
1741635871685,78776.31,7e-05,True
1741635871685,78776.31,7e-05,True
1741635871685,78776.3,0.00379,True
1741635871686,78776.3,0.00021,True
1741635871686,78775.24,0.00013,True
1741635871686,78774.0,0.00031,True
1741635871686,78773.72,7e-05,True
1741635871686,78773.72,7e-05,True
1741635871686,78773.71,0.00687,True
1741635871686,78772.99,0.00013,True
1741635871686,78772.93,0.00013,True
1741635871686,78772.93,0.00013,True
1741635871686,78772.93,7e-05,True
1741635871686,78772.93,7e-05,True
1741635871686,78772.93,7e-05,True
1741635871686,78772.92,0.00147,True
1741635871686,78772.92,0.0124,True
1741635871688,78772.92,0.00954,True
1741635871688,78772.92,0.00219,True
1741635871688,78772.48,0.00056,True
1741635871688,78772.14,0.00016,True
1741635871689,78771.61,0.00502,True
1741635871690,78771.12,0.00011,True
1741635871690,78771.1,7e-05,True
1741635871690,78771.1,7e-05,True
1741635871690,78771.1,7e-05,True
1741635871690,78771.09,0.00506,True
1741635871690,78771.04,0.0001,True
1741635871690,78771.04,0.0001,True
1741635871690,78770.77,7e-05,True
1741635871690,78770.77,7e-05,True
1741635871690,78770.77,7e-05,True
1741635871690,78770.76,0.00504,True
1741635871690,78770.0,0.0002,True
1741635871690,78769.91,0.0001,True
1741635871690,78769.6,7e-05,True
1741635871690,78769.37,0.001,True
1741635871791,78769.23,0.00028,True
1741635871791,78769.23,0.00057,True
1741635871791,78769.23,7e-05,True
1741635871791,78769.23,7e-05,True
1741635871791,78769.23,7e-05,True
1741635871791,78769.23,7e-05,True
1741635871791,78769.23,7e-05,True
1741635871791,78769.23,7e-05,True
1741635871791,78769.23,7e-05,True
1741635871791,78769.23,7e-05,True
1741635871791,78769.23,0.00014,True
1741635871791,78769.23,7e-05,True
1741635871791,78769.22,0.00053,True
1741635871791,78769.22,0.00013,True
1741635871791,78769.22,0.00054,True
1741635871791,78769.22,7e-05,True
1741635871791,78769.22,7e-05,True
1741635871791,78768.92,0.00075,True
1741635871791,78768.92,7e-05,True
1741635871791,78768.92,7e-05,True
1741635871791,78768.91,7e-05,True
1741635871791,78768.91,7e-05,True
1741635871791,78768.91,7e-05,True
1741635871791,78768.89,7e-05,True
1741635871791,78768.89,7e-05,True
1741635871791,78768.88,7e-05,True
1741635871791,78768.86,7e-05,True
1741635871791,78768.86,7e-05,True
1741635871791,78768.86,7e-05,True
1741635871791,78768.86,7e-05,True
1741635871791,78768.85,7e-05,True
1741635871791,78768.85,7e-05,True
1741635871791,78768.85,7e-05,True
1741635871791,78768.85,0.00055,True
1741635871791,78768.85,0.00055,True
1741635871791,78768.85,0.00055,True
1741635871791,78768.85,7e-05,True
1741635871791,78768.84,0.00376,True
1741635871791,78768.75,7e-05,True
1741635871791,78768.59,0.00014,True
1741635871791,78768.57,7e-05,True
1741635871791,78768.57,7e-05,True
1741635871791,78768.57,7e-05,True
1741635871791,78768.56,0.003,True
1741635871791,78768.55,8e-05,True
1741635871791,78768.49,0.00013,True
1741635871791,78768.33,0.00063,True
1741635871880,78768.26,8e-05,True
1741635871880,78768.26,0.00053,True
1741635871880,78768.26,7e-05,True
1741635871880,78768.26,7e-05,True
1741635871880,78768.26,7e-05,True
1741635871880,78768.26,7e-05,True
1741635871880,78768.26,7e-05,True
1741635871880,78768.26,7e-05,True
1741635871880,78768.26,0.0001,True
1741635871880,78768.25,0.00054,True
1741635871880,78768.25,7e-05,True
1741635871880,78768.25,7e-05,True
1741635871880,78768.25,0.00014,True
1741635871880,78768.25,0.00013,True
1741635871880,78768.2,7e-05,True
1741635871880,78768.2,7e-05,True
1741635871880,78768.2,7e-05,True
1741635871883,78768.01,7e-05,True
1741635871883,78768.01,7e-05,True
1741635871883,78768.01,7e-05,True
1741635871883,78768.01,7e-05,True
1741635871883,78768.01,7e-05,True
1741635871883,78768.01,0.0001,True
1741635871883,78768.01,7e-05,True
1741635871883,78768.01,7e-05,True
1741635871883,78768.01,7e-05,True
1741635871883,78768.01,7e-05,True
1741635871883,78768.0,0.00015,True
1741635871883,78768.0,0.002,True
1741635871883,78768.0,0.0001,True
1741635871883,78768.0,0.0001,True
1741635871883,78768.0,7e-05,True
1741635871883,78768.0,7e-05,True
1741635871883,78767.46,0.00013,True
1741635871883,78767.46,7e-05,True
1741635871883,78767.46,7e-05,True
1741635871883,78767.02,0.0001,True
1741635871883,78767.02,0.0001,True
1741635871883,78767.02,0.0001,True
1741635871883,78767.02,7e-05,True
1741635871883,78767.02,7e-05,True
1741635871883,78767.01,7e-05,True
1741635871883,78767.01,7e-05,True
1741635871883,78767.01,7e-05,True
1741635871883,78767.01,7e-05,True
1741635871883,78767.01,7e-05,True
1741635871883,78767.0,0.00634,True
1741635871883,78767.0,7e-05,True
1741635871883,78766.91,9e-05,True
1741635871883,78766.91,7e-05,True
1741635871883,78766.35,0.00011,True
1741635871883,78766.35,7e-05,True
1741635871883,78765.29,0.00029,True
1741635871883,78765.22,0.00018,True
1741635871883,78765.16,0.00026,True
1741635871883,78765.09,7e-05,True
1741635871883,78765.09,7e-05,True
1741635871883,78765.09,7e-05,True
1741635871883,78765.08,8e-05,True
1741635871883,78765.08,0.01719,True
1741635871883,78765.08,8e-05,True
1741635871883,78765.08,8e-05,True
1741635871883,78765.08,8e-05,True
1741635871883,78764.91,0.0023,True
1741635871983,78764.92,0.00099,False
1741635872086,78764.91,0.0007,True
1741635872086,78764.91,7e-05,True
1741635872086,78764.91,7e-05,True
1741635872086,78764.91,7e-05,True
1741635872086,78764.91,7e-05,True
1741635872086,78764.91,7e-05,True
1741635872086,78764.91,7e-05,True
1741635872086,78764.91,0.00014,True
1741635872086,78764.91,0.00052,True
1741635872086,78764.91,7e-05,True
1741635872086,78764.91,7e-05,True
1741635872086,78764.91,7e-05,True
1741635872086,78764.9,0.00021,True
1741635872086,78764.9,0.00057,True
1741635872086,78764.9,0.00014,True
1741635872086,78764.9,7e-05,True
1741635872086,78764.9,7e-05,True
1741635872086,78764.9,0.00013,True
1741635872086,78764.9,0.00013,True
1741635872126,78764.76,0.0004,True
1741635872126,78764.76,7e-05,True
1741635872126,78764.76,0.00056,True
1741635872126,78764.76,7e-05,True
1741635872126,78764.76,7e-05,True
1741635872126,78764.76,7e-05,True
1741635872126,78764.76,7e-05,True
1741635872126,78764.76,7e-05,True
1741635872126,78764.75,0.00058,True
1741635872126,78764.75,7e-05,True
1741635872126,78764.75,0.00014,True
1741635872126,78764.75,7e-05,True
1741635872126,78764.71,7e-05,True
1741635872126,78764.71,7e-05,True
1741635872126,78764.71,7e-05,True
1741635872126,78764.71,7e-05,True
1741635872126,78764.71,7e-05,True
1741635872126,78764.7,0.00155,True
1741635872126,78764.7,0.00019,True
1741635872126,78764.7,0.00013,True
1741635872126,78764.7,7e-05,True
1741635872126,78764.7,7e-05,True
1741635872126,78764.54,0.00013,True
1741635872126,78764.54,0.0001,True
1741635872126,78764.54,7e-05,True
1741635872126,78764.54,7e-05,True
1741635872126,78764.53,0.00012,True
1741635872126,78764.53,0.00012,True
1741635872126,78764.53,0.00012,True
1741635872126,78764.29,7e-05,True
1741635872126,78764.29,7e-05,True
1741635872126,78764.29,7e-05,True
1741635872126,78764.28,0.00096,True
1741635872126,78764.28,0.00011,True
1741635872126,78764.28,0.00147,True
1741635872126,78764.04,0.00012,True
1741635872165,78764.01,7e-05,True
1741635872165,78764.01,7e-05,True
1741635872165,78764.01,0.01603,True
1741635872165,78764.01,0.0001,True
1741635872165,78764.01,0.0001,True
1741635872165,78764.01,0.0001,True
1741635872165,78764.01,7e-05,True
1741635872165,78764.0,0.00024,True
1741635872165,78764.0,0.00015,True
1741635872165,78764.0,0.002,True
1741635872165,78764.0,0.0001,True
1741635872165,78764.0,0.0001,True
1741635872165,78764.0,0.00052,True
1741635872165,78763.63,0.0002,True
1741635872165,78763.54,0.00159,True
1741635872165,78763.45,0.00011,True
1741635872165,78763.09,7e-05,True
1741635872165,78763.09,7e-05,True
1741635872165,78763.09,7e-05,True
1741635872165,78763.08,0.00016,True
1741635872165,78763.06,0.00391,True
1741635872165,78762.78,7e-05,True
1741635872165,78762.78,7e-05,True
1741635872165,78762.74,0.00462,True
1741635872165,78762.56,0.00023,True
1741635872165,78762.45,0.00013,True
1741635872165,78762.44,0.00035,True
1741635872165,78762.37,0.00029,True
1741635872165,78762.35,0.00091,True
1741635872165,78762.01,7e-05,True
1741635872165,78762.01,7e-05,True
1741635872165,78762.01,7e-05,True
1741635872165,78761.9,9e-05,True
1741635872165,78761.32,0.00023,True
1741635872165,78761.29,0.00026,True
1741635872165,78761.17,0.00113,True
1741635872165,78761.09,0.00011,True
1741635872165,78761.09,0.00023,True
1741635872165,78760.85,8e-05,True
1741635872165,78760.77,0.0015,True
1741635872165,78760.7,7e-05,True
1741635872165,78760.7,0.00011,True
1741635872165,78760.38,0.00115,True
1741635872165,78760.16,0.00012,True
1741635872165,78760.07,0.00025,True
1741635872165,78760.02,0.00032,True
1741635872165,78760.01,0.00024,True
1741635872165,78760.01,0.00111,True
1741635872165,78760.01,7e-05,True
1741635872165,78760.01,7e-05,True
1741635872165,78760.01,7e-05,True
1741635872165,78760.0,0.00914,True
1741635872165,78760.0,0.00014,True
1741635872165,78760.0,0.00019,True
1741635872165,78760.0,0.00015,True
1741635872165,78760.0,0.002,True
1741635872165,78760.0,0.0001,True
1741635872165,78760.0,0.0001,True
1741635872165,78759.91,7e-05,True
1741635872165,78759.91,7e-05,True
1741635872165,78759.91,7e-05,True
1741635872165,78759.9,0.10155,True
1741635872165,78759.87,0.00013,True
1741635872165,78759.68,0.00014,True
1741635872165,78759.49,7e-05,True
1741635872165,78759.25,0.0001,True
1741635872165,78759.03,0.00024,True
1741635872165,78759.02,0.00046,True
1741635872165,78758.97,0.00013,True
1741635872165,78758.95,0.00868,True
1741635872165,78758.95,0.01667,True
1741635872165,78758.64,0.0001,True
1741635872165,78758.47,0.01269,True
1741635872165,78757.64,0.00048,True
1741635872165,78757.57,0.00017,True
1741635872165,78756.99,0.00038,True
1741635872166,78756.36,0.003,True
1741635872166,78756.3,0.26077,True
1741635872166,78756.2,0.00034,True
1741635872166,78756.03,9e-05,True
1741635872166,78756.0,0.00015,True
1741635872166,78756.0,0.002,True
1741635872166,78756.0,0.0001,True
1741635872166,78756.0,0.0001,True
1741635872168,78755.46,0.00012,True
1741635872168,78755.24,9e-05,True
1741635872168,78755.22,0.00013,True
1741635872168,78754.91,0.001,True
1741635872168,78754.29,0.0001,True
1741635872168,78754.26,8e-05,True
1741635872168,78754.21,0.02011,True
1741635872168,78754.21,7e-05,True
1741635872168,78754.21,0.00107,True
1741635872168,78754.05,0.00354,True
1741635872169,78754.22,0.00111,False
1741635872169,78754.22,0.00111,False
1741635872169,78754.05,0.00129,True
1741635872169,78753.95,7e-05,True
1741635872169,78753.95,7e-05,True
1741635872169,78753.95,7e-05,True
1741635872173,78753.35,0.00013,True
1741635872173,78753.11,0.01269,True
1741635872173,78752.78,0.00038,True
1741635872175,78752.78,0.0001,True
1741635872175,78752.77,0.00015,True
1741635872175,78752.47,9e-05,True
1741635872175,78752.47,0.00016,True
1741635872175,78752.0,0.00015,True
1741635872175,78752.0,0.002,True
1741635872175,78752.0,0.0001,True
1741635872175,78752.0,0.0001,True
1741635872175,78751.91,8e-05,True
1741635872175,78751.91,0.00013,True
1741635872175,78751.81,7e-05,True
1741635872175,78751.09,0.00013,True
1741635872175,78751.02,0.00023,True
1741635872175,78750.67,0.01627,True
1741635872175,78750.54,0.00351,True
1741635872175,78750.3,0.00011,True
1741635872175,78750.08,0.00356,True
1741635872175,78750.05,0.00814,True
1741635872175,78750.0,0.01839,True
1741635872175,78750.0,0.00014,True
1741635872175,78750.0,0.0002,True
1741635872175,78750.0,0.00217,True
1741635872175,78750.0,0.0001,True
1741635872175,78750.0,0.00069,True
1741635872175,78750.0,0.00011,True
1741635872175,78750.0,0.00022,True
1741635872175,78750.0,0.00198,True
1741635872175,78750.0,0.0001,True
1741635872175,78750.0,8e-05,True
1741635872175,78750.0,7e-05,True
1741635872175,78750.0,7e-05,True
1741635872175,78750.0,0.00014,True
1741635872175,78750.0,0.00013,True
1741635872175,78750.0,0.00011,True
1741635872175,78750.0,0.00012,True
1741635872175,78750.0,0.00014,True
1741635872175,78750.0,0.00017,True
1741635872175,78750.0,0.0001,True
1741635872175,78750.0,0.00015,True
1741635872175,78750.0,0.00052,True
1741635872175,78750.0,8e-05,True
1741635872175,78750.0,9e-05,True
1741635872175,78750.0,8e-05,True
1741635872175,78750.0,0.00068,True
1741635872175,78750.0,0.00165,True
1741635872176,78753.12,0.00083,False
1741635872177,78751.42,7e-05,True
1741635872177,78751.42,7e-05,True
1741635872177,78751.42,7e-05,True
1741635872179,78751.42,0.00029,False
1741635872195,78750.01,0.00083,False
1741635872199,78750.0,0.0005,True
1741635872199,78750.0,0.00052,True
1741635872199,78750.0,0.00052,True
1741635872199,78749.99,0.00053,True
1741635872199,78749.73,0.00093,True
1741635872199,78749.73,0.00048,True
1741635872199,78749.73,0.0009,True
1741635872199,78749.73,0.00071,True
1741635872199,78749.72,0.00027,True
1741635872199,78749.72,8e-05,True
1741635872199,78749.72,7e-05,True
1741635872199,78749.72,7e-05,True
1741635872199,78749.72,0.00067,True
1741635872199,78749.72,7e-05,True
1741635872199,78749.71,0.00118,True
1741635872199,78749.71,0.00024,True
1741635872199,78749.71,0.0001,True
1741635872199,78749.71,0.00019,True
1741635872199,78749.71,0.00012,True
1741635872199,78749.71,7e-05,True
1741635872199,78749.71,0.00012,True
1741635872199,78749.71,0.0001,True
1741635872199,78749.71,0.00015,True
1741635872199,78749.71,0.00024,True
1741635872199,78749.71,0.00024,True
1741635872199,78749.71,0.09639,True
1741635872200,78749.71,0.01238,True
1741635872202,78749.71,0.13668,True
1741635872202,78749.71,0.00024,True
1741635872202,78749.71,0.0001,True
1741635872202,78749.71,0.00014,True
1741635872202,78749.71,0.0001,True
1741635872202,78749.71,0.00019,True
1741635872202,78749.71,0.00073,True
1741635872202,78749.71,0.00012,True
1741635872202,78749.71,0.0001,True
1741635872202,78749.71,0.00012,True
1741635872202,78749.71,0.0002,True
1741635872202,78749.71,0.00015,True
1741635872202,78749.71,0.00013,True
1741635872202,78749.71,0.00046,True
1741635872202,78749.71,0.00024,True
1741635872202,78749.61,0.00021,True
1741635872202,78749.19,7e-05,True
1741635872203,78749.2,0.03812,False
1741635872204,78749.2,0.00083,False
1741635872207,78749.1,0.00013,True
1741635872207,78749.1,0.00101,True
1741635872207,78749.0,0.00063,True
1741635872207,78748.89,7e-05,True
1741635872207,78748.84,0.0006,True
1741635872207,78748.57,0.00013,True
1741635872207,78748.28,0.00013,True
1741635872219,78748.01,0.03729,False
1741635872235,78748.01,0.04852,False
1741635872235,78748.01,0.0024,False
1741635872235,78748.01,0.05092,False
1741635872236,78748.01,0.00111,False
1741635872236,78748.01,0.00111,False
1741635872236,78748.01,0.00111,False
1741635872266,78748.0,0.00015,True
1741635872266,78748.0,0.002,True
1741635872266,78748.0,0.0001,True
1741635872266,78748.0,0.0001,True
1741635872266,78748.0,0.00054,True
1741635872266,78748.0,0.0001,True
1741635872266,78748.0,0.00449,True
1741635872268,78747.99,0.00014,True
1741635872268,78747.99,0.00085,True
1741635872268,78747.99,0.00013,True
1741635872268,78747.98,0.00055,True
1741635872268,78747.95,0.00097,True
1741635872268,78747.9,7e-05,True
1741635872268,78747.9,7e-05,True
1741635872268,78747.9,0.00076,True
1741635872268,78747.9,0.00076,True
1741635872268,78747.9,0.00087,True
1741635872268,78747.9,7e-05,True
1741635872268,78747.89,0.00013,True
1741635872268,78747.89,0.00253,True
1741635872268,78747.89,0.00013,True
1741635872268,78747.67,0.00014,True
1741635872268,78747.67,0.00029,True
1741635872268,78747.67,0.0001,True
1741635872268,78747.67,0.0001,True
1741635872268,78747.44,8e-05,True
1741635872268,78747.4,0.00092,True
1741635872268,78747.3,0.0003,True
1741635872293,78746.44,0.00052,True
1741635872293,78746.44,0.0002,True
1741635872324,78746.44,0.00022,True
1741635872324,78746.44,0.0001,True
1741635872324,78746.44,0.00053,True
1741635872324,78746.44,0.0001,True
1741635872324,78746.44,0.0001,True
1741635872324,78746.43,8e-05,True
1741635872324,78746.43,0.00017,True
1741635872324,78746.43,0.00013,True
1741635872324,78746.42,0.00057,True
1741635872324,78746.06,7e-05,True
1741635872324,78746.06,0.00027,True
1741635872324,78746.06,7e-05,True
1741635872538,78745.79,0.0001,True
1741635872538,78745.79,0.0001,True
1741635872538,78745.79,0.0001,True
1741635872538,78745.79,0.00051,True
1741635872538,78745.79,0.00939,True
1741635872704,78745.8,0.0001,False
1741635872838,78745.79,0.00961,True
1741635872838,78745.79,0.00138,True
1741635872838,78745.79,0.00014,True
1741635872838,78745.79,0.00029,True
1741635872854,78745.8,0.00028,False
1741635872977,78745.8,0.0004,False
1741635873033,78745.8,0.08841,False
1741635873033,78745.8,0.32961,False
1741635873033,78745.8,0.00014,False
1741635873033,78745.8,0.0627,False
1741635873033,78745.8,7e-05,False
1741635873033,78745.8,7e-05,False
1741635873033,78745.8,0.00233,False
1741635873033,78745.8,0.14048,False
1741635873033,78745.8,0.1,False
1741635873033,78745.8,7e-05,False
1741635873033,78745.8,0.04308,False
1741635873033,78745.8,0.15374,False
1741635873033,78745.8,0.15641,False
1741635873033,78745.8,0.10759,False
1741635873048,78745.79,0.01525,True
1741635873048,78745.79,0.00017,True
1741635873048,78745.79,0.0001,True
1741635873048,78745.79,0.01627,True
1741635873049,78745.79,0.0189,True
1741635873090,78745.8,0.0002,False
1741635873149,78745.79,7e-05,True
1741635873149,78745.79,7e-05,True
1741635873149,78745.79,7e-05,True
1741635873149,78745.79,7e-05,True
1741635873149,78745.79,7e-05,True
1741635873149,78745.79,0.00013,True
1741635873149,78745.79,0.0001,True
1741635873149,78745.79,0.0001,True
1741635873149,78745.79,0.0001,True
1741635873149,78745.79,7e-05,True
1741635873149,78745.79,0.00265,True
1741635873149,78745.79,0.01,True
1741635873196,78745.8,0.02063,False
1741635873221,78745.79,0.0001,True
1741635873221,78745.79,0.0001,True
1741635873221,78745.79,0.0001,True
1741635873221,78745.79,7e-05,True
1741635873221,78745.79,7e-05,True
1741635873221,78745.79,7e-05,True
1741635873221,78745.79,7e-05,True
1741635873221,78745.79,7e-05,True
1741635873221,78745.79,7e-05,True
1741635873221,78745.79,0.00014,True
1741635873221,78745.79,0.00056,True
1741635873221,78745.78,0.00013,True
1741635873221,78745.78,0.00013,True
1741635873221,78745.78,0.00014,True
1741635873221,78745.78,7e-05,True
1741635873221,78745.78,7e-05,True
1741635873221,78745.77,0.00055,True
1741635873221,78745.77,7e-05,True
1741635873221,78745.77,7e-05,True
1741635873221,78745.51,0.00012,True
1741635873221,78745.51,7e-05,True
1741635873221,78745.51,7e-05,True
1741635873221,78745.5,0.00025,True
1741635873221,78745.5,7e-05,True
1741635873221,78745.5,7e-05,True
1741635873221,78745.48,7e-05,True
1741635873221,78745.45,0.00012,True
1741635873221,78745.45,7e-05,True
1741635873221,78745.45,7e-05,True
1741635873221,78745.45,7e-05,True
1741635873221,78745.45,7e-05,True
1741635873221,78745.44,0.00704,True
1741635873221,78745.44,7e-05,True
1741635873221,78745.29,7e-05,True
1741635873221,78745.29,7e-05,True
1741635873221,78745.29,0.0001,True
1741635873221,78745.29,0.0001,True
1741635873221,78745.29,7e-05,True
1741635873221,78745.28,0.04823,True
1741635873221,78745.06,7e-05,True
1741635873221,78744.74,0.0005,True
1741635873221,78744.72,0.00019,True
1741635873221,78744.71,0.00039,True
1741635873221,78744.48,7e-05,True
1741635873221,78744.29,0.00036,True
1741635873231,78744.01,0.00191,False
1741635873237,78744.01,0.0003,False
1741635873363,78744.01,0.01054,False
1741635873528,78744.0,0.00015,True
1741635873528,78744.0,5e-05,True
1741635873677,78744.01,0.00254,False
1741635873969,78744.01,0.00253,False
1741635874023,78744.0,0.00195,True
1741635874023,78744.0,0.0001,True
1741635874023,78744.0,0.0001,True
1741635874023,78744.0,7e-05,True
1741635874023,78744.0,7e-05,True
1741635874023,78744.0,7e-05,True
1741635874023,78744.0,7e-05,True
1741635874023,78744.0,7e-05,True
1741635874023,78744.0,7e-05,True
1741635874023,78744.0,0.00013,True
1741635874023,78744.0,0.085,True
1741635874023,78744.0,0.00058,True
1741635874023,78744.0,0.00888,True
1741635874023,78744.0,0.0001,True
1741635874023,78744.0,0.0001,True
1741635874023,78744.0,0.0001,True
1741635874023,78744.0,0.00413,True
1741635874023,78743.99,0.00012,True
1741635874023,78743.99,7e-05,True
1741635874023,78743.99,7e-05,True
1741635874023,78743.99,0.00013,True
1741635874023,78743.99,0.00013,True
1741635874023,78743.99,0.00051,True
1741635874023,78743.99,0.00014,True
1741635874023,78743.98,7e-05,True
1741635874023,78743.98,7e-05,True
1741635874023,78743.9,0.00015,True
1741635874023,78743.9,7e-05,True
1741635874023,78743.9,7e-05,True
1741635874023,78743.55,0.00016,True
1741635874023,78743.55,7e-05,True
1741635874023,78743.55,7e-05,True
1741635874023,78743.1,7e-05,True
1741635874023,78743.1,7e-05,True
1741635874023,78742.84,7e-05,True
1741635874023,78742.63,0.00019,True
1741635874023,78742.63,0.00015,True
1741635874023,78742.63,0.00015,True
1741635874023,78742.63,7e-05,True
1741635874023,78742.61,0.00053,True
1741635874023,78742.55,0.00024,True
1741635874023,78742.48,0.00012,True
1741635874023,78742.48,7e-05,True
1741635874023,78742.48,7e-05,True
1741635874023,78742.48,7e-05,True
1741635874023,78742.48,7e-05,True
1741635874023,78742.48,7e-05,True
1741635874023,78741.83,7e-05,True
1741635874023,78740.75,0.00303,True
1741635874023,78740.69,0.0002,True
1741635874023,78740.68,9e-05,True
1741635874023,78740.31,0.00027,True
1741635874023,78740.01,0.00016,True
1741635874023,78740.01,0.00016,True
1741635874023,78740.0,9e-05,True
1741635874023,78740.0,0.00015,True
1741635874023,78740.0,0.002,True
1741635874023,78740.0,0.0001,True
1741635874023,78740.0,0.0001,True
1741635874023,78739.91,7e-05,True
1741635874023,78739.91,7e-05,True
1741635874023,78739.9,0.10157,True
1741635874023,78739.66,0.0002,True
1741635874023,78739.51,0.001,True
1741635874023,78739.13,0.00031,True
1741635874023,78738.92,0.00018,True
1741635874023,78738.91,0.0005,True
1741635874023,78738.54,0.00012,True
1741635874023,78737.95,8e-05,True
1741635874023,78737.83,7e-05,True
1741635874023,78737.83,7e-05,True
1741635874023,78737.83,7e-05,True
1741635874023,78737.82,0.83879,True
1741635874023,78737.76,0.00026,True
1741635874023,78737.71,0.00101,True
1741635874023,78737.71,0.01169,True
1741635874023,78737.59,7e-05,True
1741635874023,78737.05,0.00733,True
1741635874023,78737.03,0.04354,True
1741635874023,78736.99,0.00017,True
1741635874023,78736.94,0.001,True
1741635874023,78736.87,7e-05,True
1741635874023,78736.84,0.00015,True
1741635874023,78736.64,0.00013,True
1741635874023,78736.27,0.00019,True
1741635874023,78736.07,8e-05,True
1741635874023,78736.0,0.00015,True
1741635874023,78736.0,0.002,True
1741635874023,78736.0,0.0001,True
1741635874023,78736.0,0.0001,True
1741635874023,78735.93,0.00013,True
1741635874023,78735.38,0.00029,True
1741635874023,78735.31,0.00039,True
1741635874023,78735.3,0.01085,True
1741635874023,78735.29,0.00182,True
1741635874023,78735.29,0.0002,True
1741635874023,78735.16,8e-05,True
1741635874023,78735.11,8e-05,True
1741635874023,78734.85,0.08576,True
1741635874023,78734.84,0.25719,True
1741635874023,78734.39,7e-05,True
1741635874023,78734.24,0.05032,True
1741635874023,78734.0,0.001,True
1741635874023,78733.88,7e-05,True
1741635874023,78733.62,0.0214,True
1741635874058,78734.4,0.00012,False
1741635874081,78734.4,0.00017,False
1741635874101,78734.4,0.00017,False
1741635874110,78734.4,0.00016,False
1741635874120,78734.4,0.00017,False
1741635874153,78734.4,0.00017,False
1741635874154,78734.4,0.00099,False
1741635874244,78734.4,0.00052,False
1741635874295,78734.4,0.00025,False
1741635874304,78734.4,0.00041,False
1741635874339,78734.4,7e-05,False
1741635874339,78734.4,0.0001,False
1741635874339,78734.4,7e-05,False
1741635874339,78734.4,7e-05,False
1741635874339,78734.4,7e-05,False
1741635874339,78734.4,7e-05,False
1741635874339,78734.4,7e-05,False
1741635874339,78734.4,7e-05,False
1741635874339,78734.4,0.0001,False
1741635874339,78734.4,0.0001,False
1741635874339,78734.4,0.00014,False
1741635874339,78734.4,0.0001,False
1741635874339,78734.4,0.0001,False
1741635874339,78734.4,0.0001,False
1741635874339,78734.4,7e-05,False
1741635874339,78734.4,7e-05,False
1741635874339,78734.4,7e-05,False
1741635874339,78734.41,0.00013,False
1741635874339,78734.41,0.00013,False
1741635874339,78734.41,0.0001,False
1741635874339,78734.41,4e-05,False
1741635874339,78735.99,7e-05,False
1741635874339,78735.99,7e-05,False
1741635874339,78735.99,7e-05,False
1741635874372,78737.95,7e-05,False
1741635874372,78737.95,7e-05,False
1741635874372,78737.95,0.0001,False
1741635874372,78737.95,0.0001,False
1741635874372,78737.95,0.0001,False
1741635874372,78737.95,0.00402,False
1741635874372,78737.95,0.01,False
1741635874405,78737.95,7e-05,False
1741635874405,78737.95,0.0001,False
1741635874405,78737.95,7e-05,False
1741635874405,78737.95,0.00014,False
1741635874405,78737.95,0.0001,False
1741635874405,78737.95,0.0001,False
1741635874405,78737.95,0.0001,False
1741635874405,78737.95,0.0001,False
1741635874405,78737.95,7e-05,False
1741635874405,78737.96,0.00014,False
1741635874405,78738.34,7e-05,False
1741635874405,78740.72,7e-05,False
1741635874405,78743.83,7e-05,False
1741635874405,78743.83,7e-05,False
1741635874405,78743.83,7e-05,False
1741635874405,78743.9,7e-05,False
1741635874405,78743.9,7e-05,False
1741635874405,78743.9,7e-05,False
1741635874419,78743.9,0.00944,True
1741635874419,78743.9,0.03056,True
1741635874466,78743.91,0.00023,False
1741635874685,78743.91,0.0001,False
1741635874685,78743.91,7e-05,False
1741635874697,78743.91,7e-05,False
1741635874697,78743.91,7e-05,False
1741635874697,78743.91,2e-05,False
1741635874704,78743.91,5e-05,False
1741635874704,78743.91,0.0001,False
1741635874704,78743.91,2e-05,False
1741635874705,78743.91,8e-05,False
1741635874705,78743.91,0.00014,False
1741635874705,78743.91,0.0001,False
1741635874705,78743.91,7e-05,False
1741635874705,78743.91,0.20981,False
1741635874705,78743.91,0.07479,False
1741635874706,78743.91,0.01944,False
1741635874706,78743.91,0.0034,False
1741635874706,78743.91,0.37726,False
1741635874706,78743.91,0.40243,False
1741635874706,78743.91,0.09732,False
1741635874707,78743.91,0.19727,False
1741635874707,78743.91,0.44191,False
1741635874707,78743.91,0.01527,False
1741635874707,78743.91,0.03245,False
1741635874708,78743.92,0.00014,False
1741635874708,78743.92,0.00013,False
1741635874708,78743.92,0.00014,False
1741635874708,78743.92,7e-05,False
1741635874708,78745.38,0.00013,False
1741635874708,78745.38,0.00013,False
1741635874708,78745.38,0.00013,False
1741635874708,78745.38,7e-05,False
1741635874708,78745.79,7e-05,False
1741635874708,78745.79,7e-05,False
1741635874708,78745.79,7e-05,False
1741635874708,78745.79,7e-05,False
1741635874708,78745.8,0.00101,False
1741635874708,78745.8,0.00303,False
1741635874708,78745.8,0.00666,False
1741635874708,78745.99,7e-05,False
1741635874708,78745.99,7e-05,False
1741635874708,78745.99,7e-05,False
1741635874708,78747.99,7e-05,False
1741635874708,78747.99,7e-05,False
1741635874708,78747.99,7e-05,False
1741635874708,78748.15,0.00013,False
1741635874708,78748.88,7e-05,False
1741635874708,78748.88,7e-05,False
1741635874708,78748.88,7e-05,False
1741635874708,78749.02,0.0138,False
1741635874711,78751.57,0.00031,False
1741635874711,78752.08,0.00013,False
1741635874711,78752.78,0.00503,False
1741635874711,78753.15,0.00503,False
1741635874711,78753.18,0.0025,False
1741635874712,78753.17,0.00114,True
1741635874712,78753.17,0.00099,True
1741635874765,78753.18,0.00616,False
1741635874765,78753.18,0.0001,False
1741635874765,78753.18,0.0001,False
1741635874765,78753.18,0.0001,False
1741635874765,78753.19,0.00045,False
1741635874765,78753.19,0.00013,False
1741635874765,78753.66,7e-05,False
1741635874765,78753.66,7e-05,False
1741635874765,78753.66,7e-05,False
1741635874765,78753.67,7e-05,False
1741635874765,78753.67,7e-05,False
1741635874765,78753.67,0.00042,False
1741635874765,78753.67,0.00042,False
1741635874765,78753.67,0.00042,False
1741635874765,78753.67,7e-05,False
1741635874765,78753.99,7e-05,False
1741635874765,78753.99,7e-05,False
1741635874765,78753.99,7e-05,False
1741635874809,78755.99,0.00014,False
1741635874809,78755.99,0.0003,False
1741635874823,78755.99,0.0001,False
1741635874823,78755.99,0.0001,False
1741635874823,78755.99,0.0001,False
1741635874823,78755.99,0.00013,False
1741635874823,78756.0,0.00014,False
1741635874823,78756.63,0.0039,False
1741635874823,78756.82,0.00015,False
1741635874823,78756.82,0.00015,False
1741635874823,78756.82,0.00015,False
1741635874823,78756.84,7e-05,False
1741635874823,78756.84,7e-05,False
1741635874823,78756.84,7e-05,False
1741635874869,78756.85,0.00063,False
1741635874872,78756.85,0.00102,False
1741635874872,78756.85,0.00341,False
1741635875175,78756.85,0.1068,False
1741635875177,78756.85,0.18331,False
1741635875177,78756.85,0.31003,False
1741635875178,78756.85,0.12977,False
1741635875179,78756.85,0.002,False
1741635875180,78756.85,0.00199,False
1741635875180,78756.85,0.31471,False
1741635875184,78756.85,0.04583,False
1741635875186,78756.85,0.08306,False
1741635875188,78756.85,0.001,False
1741635875190,78756.85,0.015,False
1741635875190,78756.85,0.002,False
1741635875190,78756.85,0.015,False
1741635875191,78756.85,0.008,False
1741635875195,78756.85,0.0796,False
1741635875195,78756.85,0.11145,False
1741635875208,78756.85,0.08539,False
1741635875208,78756.85,0.0001,False
1741635875208,78756.85,0.0001,False
1741635875208,78756.85,7e-05,False
1741635875208,78756.85,7e-05,False
1741635875208,78756.85,7e-05,False
1741635875208,78756.85,7e-05,False
1741635875208,78756.85,7e-05,False
1741635875208,78756.85,0.0001,False
1741635875208,78756.85,0.0001,False
1741635875208,78756.85,0.00013,False
1741635875208,78756.85,7e-05,False
1741635875208,78756.85,7e-05,False
1741635875208,78756.85,0.0001,False
1741635875208,78756.85,7e-05,False
1741635875208,78756.85,0.0001,False
1741635875208,78756.85,7e-05,False
1741635875208,78756.85,7e-05,False
1741635875208,78756.86,0.00013,False
1741635875208,78756.86,0.00013,False
1741635875208,78756.86,0.00014,False
1741635875208,78756.86,7e-05,False
1741635875208,78756.86,7e-05,False
1741635875208,78757.34,7e-05,False
1741635875208,78757.34,7e-05,False
1741635875227,78758.14,0.0001,False
1741635875227,78758.15,0.00011,False
1741635875227,78758.83,0.00021,False
1741635875227,78758.84,0.00011,False
1741635875227,78758.84,0.00011,False
1741635875227,78758.84,0.00011,False
1741635875227,78758.84,7e-05,False
1741635875227,78758.93,7e-05,False
1741635875227,78759.54,7e-05,False
1741635875227,78759.54,7e-05,False
1741635875227,78759.54,7e-05,False
1741635875227,78759.55,0.00503,False
1741635875243,78759.55,0.00492,False
1741635875243,78759.55,0.0001,False
1741635875243,78759.55,0.0001,False
1741635875243,78759.55,0.0001,False
1741635875243,78759.55,7e-05,False
1741635875243,78759.56,7e-05,False
1741635875243,78759.72,7e-05,False
1741635875243,78759.86,0.00013,False
1741635875243,78759.99,7e-05,False
1741635875243,78759.99,7e-05,False
1741635875243,78759.99,7e-05,False
1741635875275,78760.0,0.10157,False
1741635875275,78760.0,0.0001,False
1741635875275,78760.0,0.0001,False
1741635875275,78760.0,0.0001,False
1741635875275,78760.0,7e-05,False
1741635875275,78760.01,0.00013,False
1741635875275,78760.01,7e-05,False
1741635875275,78760.51,7e-05,False
1741635875275,78761.54,7e-05,False
1741635875275,78761.54,7e-05,False
1741635875275,78761.54,7e-05,False
1741635875275,78761.55,0.003,False
1741635875275,78762.05,7e-05,False
1741635875275,78762.05,7e-05,False
1741635875275,78762.05,7e-05,False
1741635875323,78762.05,0.00624,True
1741635875323,78762.05,0.01655,True
1741635875373,78762.06,0.01852,False
1741635875373,78762.06,0.0001,False
1741635875373,78762.06,0.0001,False
1741635875373,78762.06,0.0001,False
1741635875373,78762.06,7e-05,False
1741635875373,78762.06,7e-05,False
1741635875373,78762.06,7e-05,False
1741635875373,78762.06,7e-05,False
1741635875373,78762.06,7e-05,False
1741635875373,78762.06,0.019,False
1741635875373,78762.06,0.01205,False
1741635875373,78762.06,0.01,False
1741635875513,78762.06,0.00164,False
1741635875586,78762.06,7e-05,False
1741635875586,78762.06,0.0001,False
1741635875586,78762.06,7e-05,False
1741635875586,78762.06,7e-05,False
1741635875586,78762.06,7e-05,False
1741635875586,78762.06,7e-05,False
1741635875586,78762.06,7e-05,False
1741635875586,78762.06,0.00014,False
1741635875586,78762.06,7e-05,False
1741635875586,78762.06,0.0001,False
1741635875586,78762.06,7e-05,False
1741635875586,78762.06,0.001,False
1741635875586,78762.06,0.0001,False
1741635875586,78762.06,0.0001,False
1741635875586,78762.06,7e-05,False
1741635875586,78762.06,7e-05,False
1741635875586,78762.06,0.00194,False
1741635875586,78762.06,0.01,False
1741635875707,78762.06,0.0001,False
1741635875707,78762.06,0.0001,False
1741635875707,78762.06,0.0001,False
1741635875707,78762.06,7e-05,False
1741635875707,78762.06,7e-05,False
1741635875707,78762.06,7e-05,False
1741635875707,78762.06,7e-05,False
1741635875707,78762.06,7e-05,False
1741635875707,78762.06,7e-05,False
1741635875707,78762.06,0.00014,False
1741635875707,78762.07,0.00013,False
1741635875707,78762.07,0.00013,False
1741635875707,78762.07,0.00014,False
1741635875707,78762.07,0.00013,False
1741635875707,78762.07,7e-05,False
1741635875707,78762.07,7e-05,False
1741635875707,78762.09,7e-05,False
1741635875707,78762.09,7e-05,False
1741635875707,78762.22,0.00013,False
1741635875707,78762.22,7e-05,False
1741635875707,78762.22,7e-05,False
1741635875707,78762.23,7e-05,False
1741635875707,78762.23,7e-05,False
1741635875707,78762.24,7e-05,False
1741635875707,78762.24,7e-05,False
1741635875707,78762.24,0.00017,False
1741635875707,78762.24,0.00017,False
1741635875707,78762.24,0.00017,False
1741635875707,78762.24,7e-05,False
1741635875707,78762.24,7e-05,False
1741635875707,78762.25,0.02362,False
1741635875707,78762.25,7e-05,False
1741635875707,78762.89,7e-05,False
1741635875710,78762.89,7e-05,False
1741635875710,78762.89,6e-05,False
1741635875777,78762.89,0.0001,False
1741635875777,78762.89,7e-05,False
1741635875795,78762.89,7e-05,False
1741635875795,78762.89,7e-05,False
1741635875795,78762.89,3e-05,False
1741635875799,78762.89,4e-05,False
1741635875799,78762.89,7e-05,False
1741635875799,78762.89,5e-05,False
1741635875801,78762.88,0.00513,True
1741635875817,78762.89,7e-05,False
1741635875817,78762.89,7e-05,False
1741635875817,78762.89,3e-05,False
1741635875823,78762.89,4e-05,False
1741635875823,78762.89,7e-05,False
1741635875823,78762.89,0.00013,False
1741635875823,78762.89,7e-05,False
1741635875823,78762.89,0.0001,False
1741635875823,78762.89,7e-05,False
1741635875823,78762.89,0.0001,False
1741635875823,78762.89,0.0001,False
1741635875823,78762.89,0.0001,False
1741635875823,78762.89,7e-05,False
1741635875823,78762.89,7e-05,False
1741635875823,78762.9,0.00013,False
1741635875823,78762.9,0.00014,False
1741635875823,78762.9,7e-05,False
1741635875823,78762.9,7e-05,False
1741635875823,78763.68,7e-05,False
1741635875823,78763.68,7e-05,False
1741635875823,78763.68,7e-05,False
1741635875823,78763.98,0.00045,False
1741635875823,78763.98,7e-05,False
1741635875823,78763.98,7e-05,False
1741635875823,78763.99,7e-05,False
1741635875823,78763.99,7e-05,False
1741635875823,78764.0,7e-05,False
1741635875823,78764.47,7e-05,False
1741635875823,78764.47,7e-05,False
1741635875829,78764.68,7e-05,False
1741635875829,78764.68,7e-05,False
1741635875829,78764.68,7e-05,False
1741635875829,78764.68,0.0001,False
1741635875829,78764.68,0.0001,False
1741635875829,78764.68,0.0001,False
1741635875829,78764.68,7e-05,False
1741635875829,78764.68,7e-05,False
1741635875829,78764.68,0.00013,False
1741635875829,78764.68,0.00012,False
1741635875829,78764.68,7e-05,False
1741635875829,78764.68,7e-05,False
1741635875829,78764.68,7e-05,False
1741635875829,78764.68,0.00012,False
1741635875829,78764.68,0.00012,False
1741635875829,78764.68,0.00012,False
1741635875829,78764.68,7e-05,False
1741635875829,78764.69,7e-05,False
1741635875829,78764.69,7e-05,False
1741635875829,78764.69,7e-05,False
1741635875829,78765.26,7e-05,False
1741635875829,78765.88,7e-05,False
1741635875829,78765.88,7e-05,False
1741635875832,78766.0,0.0001,False
1741635875832,78766.0,0.0001,False
1741635875832,78766.0,7e-05,False
1741635875832,78766.0,0.0001,False
1741635875832,78766.28,7e-05,False
1741635875832,78766.28,7e-05,False
1741635875832,78766.28,7e-05,False
1741635875832,78766.29,0.00728,False
1741635875835,78766.29,7e-05,False
1741635875835,78766.29,0.0001,False
1741635875862,78766.29,0.00017,False
1741635875902,78766.29,0.00017,False
1741635875934,78766.29,8e-05,False
1741635875934,78766.29,8e-05,False
1741635875934,78766.29,1e-05,False
1741635875984,78766.29,7e-05,False
1741635875984,78766.29,0.0001,False
1741635876026,78766.29,0.0001,False
1741635876026,78766.29,7e-05,False
1741635876065,78766.29,7e-05,False
1741635876065,78766.29,7e-05,False
1741635876065,78766.29,3e-05,False
1741635876095,78766.29,4e-05,False
1741635876095,78766.29,7e-05,False
1741635876095,78766.29,0.0001,False
1741635876095,78766.29,0.00643,False
1741635876152,78766.29,0.00017,False
1741635876152,78766.29,0.001,False
1741635876188,78766.29,0.00017,False
1741635876220,78766.29,0.00017,False
1741635876251,78766.29,0.00017,False
1741635876286,78766.29,0.00017,False
1741635876323,78766.29,0.00017,False
1741635876351,78766.29,0.00087,False
1741635876353,78766.29,0.00017,False
1741635876380,78766.28,0.00014,True
1741635876380,78766.28,0.01372,True
1741635876380,78766.28,0.00036,True
1741635876380,78766.28,7e-05,True
1741635876380,78766.28,7e-05,True
1741635876380,78766.28,7e-05,True
1741635876380,78766.28,0.00147,True
1741635876380,78766.28,0.00062,True
1741635876380,78766.28,0.0001,True
1741635876380,78766.28,0.0001,True
1741635876380,78766.28,0.0001,True
1741635876380,78766.28,0.0001,True
1741635876380,78766.27,0.00013,True
1741635876380,78766.27,0.00013,True
1741635876380,78766.27,0.00013,True
1741635876380,78766.27,7e-05,True
1741635876380,78766.27,7e-05,True
1741635876380,78766.23,0.00057,True
1741635876380,78766.06,7e-05,True
1741635876380,78762.06,7e-05,True
1741635876380,78762.06,7e-05,True
1741635876380,78762.01,7e-05,True
1741635876380,78762.01,7e-05,True
1741635876380,78762.01,7e-05,True
1741635876380,78760.08,0.00022,True
1741635876380,78760.08,0.00022,True
1741635876380,78760.08,0.00022,True
1741635876380,78760.01,7e-05,True
1741635876380,78760.01,7e-05,True
1741635876380,78760.01,7e-05,True
1741635876380,78758.01,7e-05,True
1741635876380,78758.01,7e-05,True
1741635876380,78758.01,7e-05,True
1741635876386,78758.0,7e-05,True
1741635876417,78758.0,0.0001,True
1741635876417,78758.0,0.00014,True
1741635876417,78758.0,0.0001,True
1741635876417,78758.0,0.00051,True
1741635876417,78757.99,0.00033,True
1741635876417,78757.95,0.00058,True
1741635876417,78757.02,0.00024,True
1741635876417,78757.02,0.00024,True
1741635876417,78757.02,0.00024,True
1741635876441,78756.85,7e-05,True
1741635876441,78756.85,7e-05,True
1741635876441,78756.85,0.00046,True
1741635876441,78756.85,0.0001,True
1741635876441,78756.85,0.0001,True
1741635876441,78756.85,7e-05,True
1741635876441,78756.84,0.00634,True
1741635876441,78756.81,0.00058,True
1741635876441,78756.56,7e-05,True
1741635876441,78755.01,7e-05,True
1741635876441,78755.01,7e-05,True
1741635876441,78755.01,0.0001,True
1741635876441,78755.01,0.0001,True
1741635876441,78755.01,7e-05,True
1741635876441,78755.0,0.003,True
1741635876441,78754.29,0.0001,True
1741635876441,78754.01,7e-05,True
1741635876441,78754.01,7e-05,True
1741635876441,78754.01,0.00015,True
1741635876441,78753.18,7e-05,True
1741635876441,78753.18,7e-05,True
1741635876441,78753.18,7e-05,True
1741635876441,78753.18,7e-05,True
1741635876441,78753.18,7e-05,True
1741635876441,78753.17,0.04445,True
1741635876442,78752.55,0.001,True
1741635876442,78752.01,7e-05,True
1741635876442,78752.01,7e-05,True
1741635876442,78752.01,7e-05,True
1741635876442,78752.01,7e-05,True
1741635876442,78752.01,7e-05,True
1741635876442,78751.91,7e-05,True
1741635876442,78751.91,7e-05,True
1741635876542,78748.0,0.00059,True
1741635876542,78748.0,0.00058,True
1741635876542,78748.0,7e-05,True
1741635876542,78748.0,7e-05,True
1741635876542,78748.0,0.0001,True
1741635876542,78748.0,0.0001,True
1741635876542,78748.0,0.0001,True
1741635876542,78747.99,0.0005,True
1741635876542,78747.99,0.00013,True
1741635876542,78747.96,0.00054,True
1741635876542,78747.58,7e-05,True
1741635876542,78747.58,7e-05,True
1741635876542,78747.58,7e-05,True
1741635876552,78747.45,0.0001,True
1741635876552,78747.45,0.0001,True
1741635876552,78747.45,0.0001,True
1741635876552,78747.45,0.0049,True
1741635876552,78747.41,0.00051,True
1741635876552,78746.79,0.00036,True
1741635876552,78746.79,0.00041,True
1741635876552,78746.79,0.00041,True
1741635876552,78746.37,0.00882,True
1741635876555,78746.0,0.00132,True
1741635876555,78745.3,7e-05,True
1741635876555,78745.3,7e-05,True
1741635876555,78745.3,7e-05,True
1741635876555,78745.29,0.003,True
1741635877220,78744.01,0.0002,True
1741635877220,78744.01,0.00014,True
1741635877220,78744.01,0.00014,True
1741635877220,78744.01,0.00054,True
1741635877220,78744.01,0.00014,True
1741635877220,78744.01,0.00014,True
1741635877220,78744.01,0.00238,True
1741635877249,78744.02,0.00014,False
1741635877263,78744.02,0.00033,False
1741635877515,78744.01,7e-05,True
1741635877515,78744.01,7e-05,True
1741635877515,78744.01,7e-05,True
1741635877515,78744.01,7e-05,True
1741635877515,78744.01,7e-05,True
1741635877515,78744.01,7e-05,True
1741635877515,78744.01,7e-05,True
1741635877515,78744.01,0.00014,True
